3086 4970
779 517 936 587 -68-

350 658 445 727 inter
467 679 505 728 se
525 660 728 729 contrarias
748 659 865 728 fuisse
882 659 1004 728 Plinio
1019 658 1062 728 de
1078 660 1286 748 eloquentia
1304 662 1381 749 opi-

350 776 495 845 niones

398 891 525 963 Dicere
541 893 639 986 enim
654 893 795 963 solebat
806 913 845 963 se
859 913 933 962 non
950 897 1163 963 contentum
1176 892 1303 962 saeculi
1320 893 1380 962 sui

348 1008 556 1097 eloquentia
576 1029 671 1093 esse,
701 1029 818 1098 neque
851 1009 1071 1078 recentiores
1104 1012 1266 1079 oratores
1294 1028 1379 1078 cum

347 1126 533 1196 veteribus
552 1147 662 1216 possa
690 1126 909 1216 comparari,
941 1146 1097 1214 cumque
1127 1125 1292 1214 Regulus
1322 1124 1380 1193 illi

347 1243 416 1311 hoc
438 1243 639 1332 pessimum
663 1242 706 1311 de
728 1263 796 1312 sua
811 1246 914 1311 aetate
926 1241 1110 1331 judicium
1130 1241 1377 1331 exprobraret,

348 1356 496 1427 Plinius
516 1359 615 1446 quod
635 1357 774 1428 dixerat
800 1358 987 1427 mordicus
1013 1358 1194 1427 tenebat¹.
1225 1358 1378 1426 Lamen-

345 1473 492 1542 tabatur
511 1495 669 1563 quoque,
685 1465 783 1563 quod
804 1494 928 1544 causae
952 1473 1236 1543 centumvirales
1257 1472 1377 1563 splen-

348 1589 474 1658 dorem
494 1589 689 1678 antiquum
706 1590 784 1678 jam
799 1610 873 1660 non
888 1588 1118 1672 retinuerint,
1135 1587 1378 1678 perpaucique

346 1710 509 1797 oratores
538 1705 760 1790 adstiterint,
789 1724 873 1773 cum
898 1704 1034 1793 quibus
1060 1703 1178 1773 dicere
1200 1703 1375 1793 juvaret:

349 1849 362 1883 a
391 1821 510 1890 Ceteri
525 1821 696 1906 audaces
714 1826 821 1911 atque
842 1822 951 1890 etiam
966 1841 1100 1910 magna
1115 1841 1158 1890 ex
1176 1824 1277 1909 parte
1292 1818 1377 1888 ado-

346 1937 542 2006 lescentuli
553 1939 714 2022 obscuri,
732 1938 777 2006 ad
791 1936 1073 2007 declamandum
1084 1937 1158 2005 huc
1168 1940 1374 2019 transeunt,

345 2054 583 2124 irreverenter
603 2074 644 2124 ac
662 2055 865 2123 temere...2
888 2081 901 2116 a
921 2053 1112 2124 Clamabat
1126 2053 1280 2122 refracta
1294 2072 1376 2122 esse

346 2168 499 2258 pudoris
524 2189 565 2238 ac
593 2170 803 2240 reverentiae
824 2169 998 2252 claustra,
1030 2168 1226 2256 omniaque
1255 2171 1376 2257 patere

345 2287 540 2373 omnibus;
563 2273 749 2356 auditores
770 2305 790 2354 a
810 2286 975 2374 mancipe
1000 2286 1040 2354 in
1064 2283 1184 2353 media
1208 2283 1374 2366 basilica,

344 2406 523 2490 tanquam
543 2403 582 2470 in
601 2402 775 2486 triclinio,
798 2400 963 2492 sportula
989 2401 1135 2487 donari;
1157 2401 1251 2469 tanti
1271 2421 1377 2469 cons-

342 2518 432 2602 tare,
457 2522 499 2586 ut
520 2519 675 2607 quilibet
695 2523 792 2588 esset
811 2518 1103 2604 disertissimus3
1126 2516 1282 2605 denique
1304 2518 1375 2587 elo-

344 2634 501 2720 quentiae
525 2634 735 2719 artificium,
762 2639 803 2703 ut
824 2635 934 2704 verba
954 2634 1068 2703 Plinii
1088 2653 1277 2722 usurpem,
1300 2653 1372 2702 non

343 2749 450 2819 modo
470 2749 586 2838 perire
602 2751 773 2839 incipere,
788 2750 852 2820 sed
874 2771 1015 2840 «prope
1032 2748 1201 2834 funditus
1218 2749 1373 2818 exstinc-

341 2868 476 2934 tumet
497 2885 666 2936 eversum
689 2887 782 2935 esse.
804 2893 817 2928 ι
842 2867 900 2935 Sic
918 2865 1050 2935 durius
1075 2870 1109 2934 et
1132 2866 1372 2954 intemperan-

340 2979 417 3049 tius
442 2981 481 3050 in
502 2982 681 3051 saeculum
706 2983 853 3051 Plinius
877 2982 1131 3065 invehebatur,
1156 2985 1371 3070 tantumque

341 3115 416 3165 non
427 3098 664 3182 exclamabat,
686 3103 727 3167 ut
743 3098 930 3187 quondam
950 3098 1099 3167 Tullius
1118 3119 1126 3169 :
1145 3098 1173 3167 O
1194 3102 1369 3187 tempora,

341 3233 361 3281 o
395 3218 535 3284 mores!
568 3214 669 3284 Idem
701 3219 823 3285 tamen
856 3214 1073 3304 plerumque
1107 3214 1231 3283 mitior
1264 3218 1369 3302 atque

340 3328 591 3418 indulgentior
615 3331 773 3413 videtur,
796 3331 941 3419 quoties
965 3330 1155 3420 ingenium
1171 3329 1370 3398 amicorum

341 3465 494 3514 suorum
527 3447 703 3532 aestimat3
738 3445 839 3515 haud
874 3446 1001 3536 procul
1032 3446 1153 3530 abest,
1185 3445 1276 3534 quin
1310 3465 1369 3513 eos

339 3579 467 3629 omnes
506 3561 812 3649 praeclarissimos
851 3565 1013 3631 oratores
1054 3561 1211 3650 judicet,
1258 3561 1369 3628 immo

337 3675 525 3745 interdum
558 3677 726 3746 Ciceroni
756 3698 797 3746 ac
830 3677 1070 3747 Demostheni
1099 3679 1275 3765 exaequet.
1312 3676 1369 3744 Sic

338 3791 555 3882 Pompeium
575 3793 817 3863 Saturninum
843 3793 998 3862 laudat:
1034 3821 1048 3856 a
1074 3792 1210 3864 Audivi
1237 3811 1368 3862 causas

337 3914 502 3997 agentem
528 3909 660 3979 acriter
684 3915 718 3979 et
745 3909 926 3992 ardenter,
956 3930 1021 3978 nec
1049 3911 1176 3978 minus
1201 3908 1311 3998 polite
1337 3911 1368 3975 ct

369 4097 377 4130 ¹
396 4096 450 4159 Ep.
473 4097 490 4153 l,
506 4098 532 4147 ὖ.

367 4177 446 4239 Νὴ),
468 4177 501 4236 ll,
519 4177 560 4228 14.
