3086 4970
598 517 775 588 ...53-

173 660 375 733 adhiberi¹.
393 661 491 744 Non,
512 659 673 744 hercule,
694 662 838 729 tantum
860 658 992 730 vitium
1012 659 1050 728 in
1076 659 1198 730 Plinio

172 777 453 870 reprehendam,
486 777 550 866 qui
578 777 725 867 propior
758 780 813 845 est
847 775 1021 846 Cicerone
1053 778 1198 847 ceteris-

172 915 242 984 que
262 894 370 964 honis
391 893 617 979 oratoribus3
645 890 793 961 initium
812 895 934 961 tamen
959 895 1066 981 atque
1092 894 1199 983 origi-

169 1031 254 1080 nem
285 1008 390 1079 illius
420 1009 498 1078 vitii
527 1003 623 1100 apud
652 1007 758 1077 illurn
784 1007 1019 1098 introspicere
1050 1008 1195 1079 daturi

169 1127 329 1199 Necesse
345 1125 443 1195 enim
464 1129 539 1194 erat
558 1125 595 1194 in
620 1123 806 1196 laudative
826 1144 955 1214 genere
978 1129 1092 1194 totam
1117 1145 1198 1216 epe-

169 1264 248 1314 ram
259 1243 298 1313 in
308 1241 503 1312 verborum
517 1243 551 1310 et
563 1241 764 1331 figurarum
776 1240 1195 1332 indagationeimpendi,

168 1380 253 1430 cum
269 1358 439 1429 materies
458 1377 560 1448 paene
577 1357 723 1427 nullum
739 1357 946 1427 inventioni·
962 1357 1084 1427 lecurn
1101 1358 1196 1428 sine·

166 1478 234 1558 ret,
258 1474 321 1544 sed
341 1473 393 1542 ita
413 1472 502 1542 uber
525 1471 659 1542 oratori
684 1475 833 1562 pateret,
855 1477 896 1542 ut
915 1492 957 1542 ex
972 1471 1037 1542 illa
1052 1477 1195 1542 tanturn

166 1574 329 1674 haurire,
361 1589 440 1659 sine
469 1588 624 1671 delectu,
652 1587 788 1658 liceret.
819 1615 832 1652 1
860 1589 899 1658 In
928 1588 998 1658 hoc
1021 1588 1129 1674 libre,
1155 1593 1196 1660 ut

168 1705 296 1776 scribit
311 1705 472 1789 Plinius,
485 1703 695 1774 consideres
705 1702 816 1774 velim
832 1708 872 1772 ut
882 1703 1195 1794 pulchritudinem

167 1820 340 1906 materiae,
362 1822 412 1891 ita
432 1819 694 1890 difficultatem.
709 1821 752 1890 In
768 1820 897 1891 ceteris
914 1821 1010 1890 enim
1024 1819 1195 1892 lectorem

167 1938 312 2008 novitas
333 1938 414 2029 ipsa
429 1938 612 2007 intentum
631 1936 757 2023 habet3
779 1937 817 2006 in
833 1927 901 2006 hac
917 1941 1015 2020 nota,
1031 1937 1193 2027 vulgata,

167 2054 263 2124 dicta
284 2059 371 2124 sunt
396 2054 519 2124 emnia
541 2071 548 2123 :
571 2074 642 2142 qno
668 2053 708 2122 fit
729 2057 770 2122 ut
795 2053 902 2142 quasi
925 2053 1068 2122 otiosus
1094 2073 1196 2124 seeu-

165 2189 303 2259 rusque
323 2169 436 2239 lector
456 2173 600 2238 tantum
619 2168 816 2238 elocutioni
831 2170 1032 2238 vacet...³›>
1058 2169 1112 2239 Ne
1128 2168 1196 2259 igi-

164 2289 226 2355 tur
241 2285 383 2356 diutius
402 2285 441 2355 111
455 2284 664 2354 inventione
681 2283 898 2373 Panegyrloi
914 2303 1191 2354 commoremur.

160 2423 163 2432 ¹
209 2401 251 2470 In
283 2400 524 2490 dispositione
553 2400 670 2489 magis
699 2399 846 2469 Plinius
876 2420 914 2470 se
948 2399 1194 2472 elaboravisse

164 2517 365 2608 profitetur.
397 2543 410 2580 1
441 2515 604 2600 Utinam,
638 2515 827 2598 exclamat,
861 2514 949 2585 erdo
985 2514 1127 2600 saltem,
1160 2521 1194 2587 et

162 2631 359 2718 transitus,
381 2635 415 2702 61
434 2632 558 2722 figurae
585 2630 697 2701 simul
726 2634 996 2722 spectarentur!
1020 2633 1115 2703 Nam
1139 2633 1192 2703 in·

162 2748 287 2819 venire
318 2748 512 2839 praeclare,
552 2748 742 2819 enuntiare
780 2747 971 2837 magnifice
1005 2748 1189 2820 interdum

163 2865 273 2935 etiam
303 2864 449 2934 barbari
478 2863 626 2936 solent:
660 2864 853 2954 disponere
892 2868 990 2954 apte,
1034 2864 1190 2954 figurare

162 2981 274 3064 varie,
300 2980 375 3050 nisi
404 2979 557 3050 eruditis
584 2983 755 3070 negatum
775 2985 876 3051 est.»
907 2979 1012 3062 Quod
1035 2980 1081 3050 ad
1101 2981 1191 3070 figu-

162 3118 237 3181 rae,
255 3096 293 3167 id
314 3100 369 3166 cst
388 3095 434 3166 ad
454 3095 708 3182 elocutionem,
730 3097 898 3188 pertinet,
920 3096 979 3165 hio
999 3095 1110 3166 debeo
1131 3115 1191 3166 ne-

162 3214 321 3305 gligere:
343 3213 386 3284 de
406 3213 647 3303 dispositione
664 3218 809 3283 tanturn
829 3212 959 3282 dicam.
1068 3201 1070 3208 ’

208 3329 461 3412 Quintilianus
480 3339 697 3421 praeceperat
720 3329 813 3400 duas
843 3348 924 3399 esse
943 3328 1024 3400 vias
1053 3328 1098 3398 ad
1124 3328 1188 3398 he-

193 3601 261 3652 ¹Cl.
288 3601 321 3652 de
343 3601 382 3651 Μ.
408 3601 523 3651 Cornelii
545 3601 689 3652 Frontonis
710 3603 883 3652 Institutione
910 3603 1043 3657 Oratorie.
1063 3607 1095 3658 E.
1118 3609 1187 3659 Droz

161 3681 354 3746 (vesuntione,
369 3680 450 3746 1886),
465 3682 539 3745 apud
554 3695 638 3746 quern
658 3683 761 3746 optime
775 3687 803 3733 et
815 3684 1039 3746 ingeniosissime
1060 3688 1121 3740 haec
1140 3703 1188 3740 ex-

160 3761 308 3826 plicantur.

193 3843 204 3877 1
219 3841 258 3892 Cl.
273 3843 345 3894 Pon.
362 3841 388 3892 5.
405 3857 417 3890 e
432 3843 470 3892 dc
484 3841 557 3893 sicut
570 3843 656 3894 maris
670 3843 790 3907 eoelique
802 3846 966 3908 temperiem
981 3849 1105 3898 turbines
1122 3854 1189 3898 teut-

162 3925 341 3986 peststesque
362 3922 568 3982 commendant,
593 3923 631 3973 ita
651 3923 686 3972 ad
709 3924 866 3986 augendam
886 3926 963 3988 pacis
983 3929 1039 3977 tuac
1060 3928 1187 3990 gretiam,

162 4001 243 4050 illurn
259 4000 412 4051 tumultum
433 4000 612 4064 praecessisse
631 4001 807 4055 crediderim.
828 4019 840 4050 1
865 4003 910 4053 Sic
931 4010 1081 4056 excusatur
1095 4011 1188 4056 rnotus

161 4079 313 4130 cestrensis
327 4078 375 4143 qui
388 4079 508 4131 Nervam
520 4081 554 4130 ad
568 4080 757 4143 adoptandum
771 4080 920 4144 Traianum
933 4082 1050 4146 impulit.

190 4160 202 4196 ³
217 4159 271 4222 Ep.
290 4159 334 4222 111,
352 4158 392 4211 13.
