3086 4970
767 466 944 534 —80v

342 609 459 690 misit,
480 607 650 676 videmus
672 607 852 695 quosdam
877 607 915 675 in
940 607 1060 676 Plinio
1088 605 1365 696 reprehendisse

340 723 438 814 quod
460 722 516 792 illi
536 722 696 792 brevitas
715 743 845 814 parum
864 723 1032 812 placeret.
1054 723 1198 804 Quibus
1218 742 1364 812 respon-

338 840 447 911 debat
466 839 807 930 praevaricationem
826 860 908 910 esse
936 841 1094 910 transire
1113 839 1267 910 dicenda
1287 839 1364 927 (sed

340 977 425 1046 quae
451 956 605 1026 dicende
627 961 727 1040 sunt,
744 977 829 1045 quse
846 959 1137 1046 supervacanea?
1158 956 1200 1026 de
1222 957 1294 1026 hoc
1307 977 1366 1046 po-

337 1073 529 1142 tissimum
554 1071 703 1161 egitur),
724 1071 887 1161 longiore
911 1075 1067 1140 tractatu
1096 1070 1267 1160 operibus
1291 1070 1363 1140 vim

338 1187 536 1276 quamdam
550 1208 591 1257 ac
606 1187 752 1278 pondus
769 1187 935 1258 accedere
952 1208 960 1258 :
979 1215 993 1250 1
1010 1189 1060 1258 Ut
1073 1187 1158 1256 alise
1172 1187 1276 1257 honre
1292 1206 1362 1269 res,

339 1303 389 1372 ita
409 1303 530 1373 bonus
546 1302 639 1372 liber
654 1302 854 1373 meliorest
869 1304 1041 1392 quisque,
1058 1323 1130 1391 quo
1145 1302 1313 1390 major...
1329 1355 1335 1367 .
1350 1355 1356 1367 .

338 1418 601 1490 Voluminibus
622 1419 715 1508 ipsis
737 1420 989 1488 auctoritatem
1009 1418 1206 1507 quamdam
1229 1421 1264 1486 et
1286 1417 1364 1506 pul-

337 1533 584 1604 chritudinem
622 1535 747 1624 adjicit
778 1535 1065 1625 magnonem.»
1097 1535 1263 1624 Cumque
1297 1535 1363 1603 Re-

336 1650 447 1738 gulus
475 1649 531 1718 illi
554 1649 752 1738 aliquando
779 1650 935 1720 dixisset
963 1668 972 1722 :
1002 1679 1015 1714 1
1039 1651 1109 1732 Tu,
1138 1649 1262 1719 omnia
1282 1668 1362 1736 quae

337 1770 426 1835 sunt
453 1765 491 1834 in
523 1785 652 1850 causa,
680 1770 789 1856 putas
815 1766 1072 1855 exsequenda:
1099 1786 1163 1856 ego
1189 1763 1363 1853 jugulum

337 1882 461 1949 statim
489 1879 616 1965 ¹vide0‚
650 1882 750 1952 huno
780 1902 964 1972 premo,»
997 1881 1186 1971 respoudit
1212 1879 1361 1969 Plinius

339 2025 352 2060 1
380 2017 489 2086 posse
506 1997 583 2067 fieri
600 2001 640 2082 ut
655 2018 751 2088 genu
765 2001 876 2080 esset,
893 2001 957 2067 eut
970 1997 1074 2080 tibia,
1091 2003 1155 2064 aut
1168 1995 1280 2078 talus,
1298 1994 1361 2063 ubi

335 2111 398 2180 ille
431 2113 605 2202 Jugulum
634 2118 795 2204 putarat.
825 2115 894 2183 Ast
922 2133 1006 2202 ego,
1033 2136 1049 2180 1
1076 2112 1217 2201 inquit,
1255 2109 1361 2198 oqui

331 2228 506 2318 jugulum
528 2230 732 2319 perspicere
751 2250 825 2300 uon
843 2249 1017 2320 possum,
1039 2229 1163 2298 omnia
1183 2230 1359 2317 periente,

335 2345 459 2412 omnia
499 2345 681 2435 experior,
721 2362 807 2418 ecura
839 2345 995 2434 denique
1028 2357 1096 2413 11111
1120 2365 1192 2412 aeva·
1227 2369 1241 2405 1
1280 2341 1363 2410 Ele*

335 2461 523 2547 quentiam
556 2461 694 2550 praedio
720 2461 879 2532 similem
911 2461 1078 2551 putabat,
1108 2459 1148 2527 in
1181 2479 1253 2548 quo
1287 2478 1361 2526 non

337 2575 452 2644 vineae
467 2579 625 2660 tantum,
645 2598 774 2646 verum
790 2578 898 2648 etiam
910 2577 1074 2659 arbusta,
1085 2579 1119 2644 et
1132 2575 1249 2663 campi
1265 2593 1361 2643 exer-

335 2695 475 2775 centur,
505 2711 622 2780 neque
643 2692 698 2761 lar
725 2697 869 2762 tantum
898 2697 961 2763 eut
981 2691 1101 2781 siligo,
1133 2690 1251 2760 sedet
1279 2690 1361 2759 hor-

334 2805 457 2890 deum,
487 2806 583 2890 feba‚
605 2812 793 2897 ceteraque
818 2808 1005 2898 legumine
1032 2810 1218 2889 seruntur,
1247 2806 1362 2874 itaut

334 2925 471 2992 extem
487 2922 616 2992 multis
638 2924 844 2992 seminibus
865 2923 989 3012 aliqua
1012 2927 1106 2994 certe
1130 2921 1359 3012 provenient.

334 3038 416 3109 Utri
432 3039 720 3123 consentiemus,
735 3040 876 3129 Regulo
893 3061 939 3108 an
960 3039 1106 3109 Plinio?
1122 3037 1242 3108 Fateri
1258 3036 1362 3106 debe-

332 3174 417 3224 mus
438 3155 551 3224 Plinii
578 3160 802 3246 praeceptum
827 3155 945 3244 magis
976 3159 1128 3244 patrono
1152 3152 1359 3236 convenire,

332 3269 463 3358 Reguli
489 3271 607 3358 magis
628 3271 774 3340 oratori.
791 3271 829 3340 Si
849 3271 934 3358 quis
950 3271 1048 3340 enim
1070 3271 1109 3338 in
1129 3270 1270 3338 actione
1284 3271 1360 3336 tem

333 3384 491 3454 callidus
520 3385 649 3468 fuerit,
674 3391 715 3454 ut
743 3407 871 3456 omnes
905 3405 1029 3456 causae
1054 3405 1225 3474 recessus
1261 3383 1360 3473 peni-

332 3503 394 3568 tus
410 3499 661 3588 exploraverit,
680 3502 939 3591 omnibusque,
954 3502 1017 3590 qui
1034 3501 1203 3584 audiunt,
1221 3499 1360 3569 dederit

331 3614 472 3703 aliquid
492 3615 590 3704 quod
611 3620 769 3700 teneant,
791 3621 824 3686 et
849 3617 946 3707 quod
967 3621 1180 3706 agnoscent,
1204 3615 1359 3685 forsitan

332 3731 485 3816 eveniet,
520 3736 561 3801 ut
592 3731 716 3802 vincat
746 3733 815 3801 hec
843 3735 1030 3803 variorum
1059 3735 1358 3822 argumentorum

335 3848 593 3936 conjunctione
629 3869 637 3918 :
671 3849 826 3919 forsitan
855 3854 889 3918 et
921 3851 1002 3918 vim
1034 3835 1211 3923 orationis
1245 3846 1357 3915 nimis

363 4113 371 4148 ¹
388 4112 442 4176 Ep.
461 4115 479 4176 l,
497 4115 539 4164 m.
