3086 4970
603 477 783 552 ὼ..1)9....

175 611 258 712 quae
279 615 462 715 pessimos
478 615 621 696 fructus
649 623 785 696 datura
799 627 887 710 sint,
901 623 1075 696 consilia
1090 648 1097 698 :
1118 647 1208 700 nam

173 739 241 808 illa
268 731 535 830 permissione,
566 761 676 832 quam
708 739 821 813 nimis'
854 742 1055 814 liberaliter
1083 744 1208 816 rhetor

176 849 373 946 discipulis
389 859 619 942 concedebat,
634 859 733 928 fuere
750 859 812 948 qui
830 860 905 928 sint
919 859 1043 946 abusi3
1063 880 1207 930 eoruma

173 992 245 1061 que
273 974 311 1041 in
340 993 535 1044 numerum
566 973 729 1044 Plinium
758 975 912 1045 forsitan
936 975 1206 1048 adscribamus,

173 1088 398 1160 Ornamenta
426 1093 543 1175 anim,
566 1108 641 1161 non
669 1091 846 1161 intuenda
869 1092 999 1176 modo,
1034 1093 1098 1162 sed
1127 1097 1205 1183 par-

171 1207 381 1292 traotanda‚
415 1211 454 1276 111
488 1201 728 1277 mercaturam
757 1208 923 1292 institor,
949 1207 1205 1298 deditusque

173 1322 213 1389 in
241 1323 403 1392 oratione
427 1323 608 1407 adhibuit,
638 1328 679 1392 ut
712 1323 995 1414 cogitationibus
1026 1323 1205 1414 tanquam*

172 1437 243 1506 flos
262 1440 577 1532 superadderetur,
596 1440 659 1509 sed
679 1443 720 1508 ut
733 1457 796 1530 pro
813 1439 1096 1530 cogitationibus
1109 1441 1203 1531 ipsis

173 1555 458 1640 aestimarentur,
476 1575 693 1645 omnemque
717 1557 917 1646 legentium
941 1555 1107 1634 animum
1122 1561 1203 1626 tra·

171 1671 313 1740 herent.
339 1671 537 1742 Emendate
569 1673 667 1741 enim
700 1692 740 1742 ac
772 1671 892 1741 lucide
919 1671 1204 1757 dicentium„.ut

174 1784 398 1866 Quintiliani
434 1805 575 1876 semper
607 1787 717 1856 uerba
749 1805 937 1876 usurpem,
968 1789 1085 1858 'tenue
1114 1791 1203 1877 praass

171 1902 291 1970 mium
329 1903 593 1987 arbitrabatur,
628 1904 818 1993 magisque
856 1908 897 1973 ut
928 1903 1030 1973 vitiis
1064 1924 1202 1988 carere,¹

171 2033 283 2106 quam
303 2022 344 2086 ut
367 2018 529 2107 aliquam
558 2018 923 2108 magnam‘virtutem
944 2019 1098 2109 adeptus
1119 2039 1202 2090 esse

169 2133 353 2203 videaris¹
365 2156 374 2221 ;
397 2155 515 2224 neque
536 2139 729 2205 contentus
757 2140 832 2205 erat
857 2135 1015 2224 simplici
1037 2155 1078 2205 ac
1097 2140 1201 2206 natu-¹

169 2249 239 2318 rali
273 2251 443 2321 dictione.
474 2253 599 2341 ltaque
633 2251 829 2322 elocutioni
861 2255 935 2322 tam
959 2255 1127 2321 accurate
1161 2253 1201 2332 in

170 2364 596 2455 Panegyricoincubuit,
618 2371 659 2435 nt
677 2372 790 2438 totam
813 2367 1013 2438 orationem
1039 2368 1080 2436 in·
1103 2368 1199 2457 stylo

171 2487 338 2552 constare
353 2483 453 2553 haud
469 2483 650 2553 immerito
666 2488 850 2573 putemus
907 2531 911 2534 -
994 2563 997 2568 Α

216 2588 512 2680 Quomodovero
537 2601 712 2669 materies·
736 2600 952 2690 Panegyrioi
983 2601 1105 2670 ornari
1139 2620 1200 2690 po-

169 2716 266 2784 mitt
286 2715 405 2796 Quam
420 2717 600 2805 plurimas
621 2717 772 2806 figuras,
794 2717 831 2785 id
861 2721 916 2786 est
936 2737 1049 2806 graece
1074 2720 1201 2810 σχήμαξα

170 2829 356 2920 lingendo.
395 2831 540 2913 Quibus
579 2827 708 2922 figuris
744 2833 891 2902 Plinius
931 2835 1199 2924 Panegyricum

171 2945 425 3031 illustraverit,
447 2967 520 3016 non
544 2948 691 3036 quidem
710 2949 856 3018 tentabo
877 2969 920 3018 ex
933 2947 1059 3019 ordine
1078 2969 1199 3021 recen-

171 3051 263 3144 sere,
290 3078 407 3150 nequa
433 3060 519 3132 illas
545 3081 673 3133 omnes
693 3064 850 3153 propriis
877 3064 1115 3154 barbarisque
1136 3085 1199 3136 no-

169 3175 336 3245 minibus
365 3181 503 3246 notare.
536 3178 613 3247 Hoc
640 3181 763 3247 tamen
783 3178 977 3248 verborum
1001 3179 1197 3250 artificium

167 3290 362 3360 nonnullis
375 3293 550 3382 exemplis
565 3294 846 3383 perspiciemus.
870 3295 1021 3365 Nullam
1043 3295 1198 3385 figuram

167 3405 333 3475 crebrius
354 3427 464 3496 quam
484 3410 688 3478 antitheton
711 3414 837 3478 noster
855 3411 893 3479 in
914 3412 1076 3481 oratione
1096 3413 1198 3482 adhi-

166 3519 260 3603 buit,
282 3521 370 3590 adeo
392 3527 432 3590 ut
448 3543 558 3592 sensa
578 3524 650 3593 iere
666 3545 857 3612 nunquam
878 3526 1106 3624 simpliciter,
1133 3528 1197 3612 sed

166 3635 381 3726 plerumque
411 3640 592 3708 contraria
623 3641 817 3710 contrariis
842 3623 1197 3734 opponendo'oxpri-

167 3756 292 3820 meret.
307 3753 413 3834 Quod
430 3755 462 3822 si
476 3776 588 3824 unam
602 3757 803 3844 quamlibet
817 3758 903 3826 libri
922 3759 1197 3851 paginam'lege-

167 3887 266 3951 mue,
289 3869 327 3937 in
353 3869 417 3938 illa
438 3892 512 3941 non
528 3872 600 3942 duo
620 3873 678 3944 vel
702 3874 785 3958 tria,
808 3874 871 3945 sed
894 3874 1017 3945 decem
1041 3861 1196 3946 forsitan

200 4124 207 4158 ¹
224 4123 317 4177 Imtit.
336 4127 413 4180 Orat.
431 4127 497 4190 Vlll,
513 4141 555 4191 111,
571 4128 594 4181 1.
