3086 4970
771 515 947 586 -3g-

352 683 432 731 mos
449 662 677 732 increbuerat
687 660 821 751 palam,
839 661 877 729 in
894 665 1062 730 accurata
1075 660 1251 744 oratione,
1264 660 1379 730 civem

351 777 525 866 aliquem,
554 777 613 847 vel
640 777 983 868 praeclarissimum,
1021 777 1195 846 laudibus
1221 777 1378 848 efferre:

350 895 424 964 nisi
438 895 528 965 forte
537 894 783 982 Panegyricos
797 893 978 982 appellare
991 893 1180 978 debemus,
1190 915 1282 982 quas
1293 894 1380 963 Tul-

350 1011 425 1080 lius
451 1031 516 1100 pro
545 1009 623 1098 lege
643 1008 810 1109 Manilia,
831 1009 889 1078 vel
908 1029 973 1097 pro
993 1008 1166 1078 Marcello
1196 1010 1380 1080 orationes

350 1127 493 1210 habuit,
528 1126 567 1194 in
597 1125 733 1214 quibus
772 1125 936 1216 Pompeii
970 1130 1003 1194 et
1035 1125 1195 1195 Caesaris
1224 1127 1380 1196 virtutes

351 1242 496 1311 abunde
516 1241 776 1332 praedicantur.
1338 1315 1340 1318 ,

396 1358 471 1427 Sub
486 1357 716 1447 principibus
736 1356 943 1445 praesertim
958 1356 1111 1426 floruere
1126 1357 1378 1444 laudationes}

352 1495 435 1544 oum
459 1474 571 1556 enim,
597 1474 762 1541 libertate
788 1474 940 1557 amissa,
961 1474 1169 1563 respublica
1201 1476 1240 1543 in
1266 1475 1381 1544 unius

350 1593 568 1681 potestatem
597 1588 763 1672 devenit,
798 1591 992 1658 consenuit
1011 1591 1163 1679 paulum
1187 1591 1268 1675 illa,
1299 1611 1380 1680 quae

352 1707 391 1774 in
420 1706 511 1790 foro,
543 1709 606 1773 aut
635 1705 674 1772 in
700 1708 843 1788 senatu,
874 1710 937 1773 aut
966 1705 1075 1774 etiam
1106 1706 1203 1795 apud
1236 1707 1381 1796 judices

352 1822 568 1891 versabatur
592 1819 812 1907 eloquentia,
834 1819 1234 1910 demonstrativumque
1263 1842 1380 1911 genus

355 1937 466 2026 (quod
504 1938 622 2007 Graeci
646 1949 805 2011 anatemati
839 1937 1036 2027 appellant)
1072 1938 1200 2006 ceteris
1238 1939 1382 2028 praesti-

352 2054 408 2122 tit.
433 2055 537 2122 Tunc
554 2053 765 2144 philosophi
786 2055 825 2123 in
845 2056 1157 2122 consolationibus
1172 2053 1383 2124 mulcebant

355 2169 527 2239 orborum
548 2170 724 2254 dolorem,
750 2175 989 2258 mortuosque
1009 2169 1111 2238 omni
1128 2169 1237 2240 laudo
1257 2185 1383 2244 cumu-

354 2288 505 2372 labant;
537 2291 617 2355 tum
650 2287 838 2355 rhetorum
866 2285 1005 2355 scholae
1026 2287 1307 2356 laudationibus
1325 2285 1383 2357 vel

354 2405 699 2489 vituperationibus
720 2402 939 2492 strepebant,
961 2401 1152 2490 inquibus
1174 2401 1384 2472 adolescen-

355 2520 449 2587 tium
463 2518 647 2588 industria
662 2520 904 2588 exercebatur.
929 2519 966 2588 si
983 2538 1066 2607 erga
1081 2522 1246 2588 mortuos
1272 2519 1384 2607 pieta-

355 2638 429 2702 tem
458 2653 522 2723 pro
550 2634 724 2703 laudibus
751 2655 835 2723 quae
863 2619 939 2702 illis
958 2633 1173 2702 tribuuntur
1198 2634 1384 2704 aestimare

357 2749 546 2833 debemus,
564 2750 655 2817 mira
670 2750 740 2817 fuit
759 2750 797 2817 in
813 2749 1005 2818 defunctos
1021 2749 1252 2820 observantia
1268 2752 1386 2822 Roma

359 2866 428 2934 sub
449 2865 674 2934 Caesaribus.
698 2866 767 2935 Sed
789 2887 863 2935 non
879 2866 1059 2935 desideria
1080 2867 1201 2935 solum
1221 2887 1264 2936 ex
1279 2865 1385 2938 corde

356 2981 559 3050 viventium
587 2981 716 3050 laudes
741 2983 998 3070 expromebant
1008 3003 1018 3068 3
1051 2982 1190 3071 saepius
1219 2982 1295 3065 ille,
1321 2982 1386 3070 qui

358 3096 480 3181 dabat,
501 3096 656 3186 petebat,
673 3096 826 3185 ideoque
843 3097 1056 3166 defunctum
1076 3097 1169 3166 inter
1188 3098 1276 3166 deos
1292 3097 1387 3168 loca·
1526 3081 1527 3090 ἵ

358 3212 432 3294 bat,
457 3216 494 3279 ut
513 3211 586 3300 ipsi
605 3211 687 3281 vivo
708 3212 832 3300 aliqua
855 3233 939 3301 pars
967 3212 1071 3281 illius
1096 3213 1386 3286 immortalitatis

360 3326 702 3395 communicaretur.
729 3327 788 3396 Sia
812 3327 1021 3415 Augustum
1042 3332 1075 3396 et
1096 3327 1260 3398 Drusum
1280 3328 1387 3398 Tibe-

360 3443 453 3526 riuS,
483 3443 536 3511 sic
564 3444 753 3512 Tiberium
777 3444 957 3533 Caligula,
989 3445 1041 3513 sio
1066 3444 1263 3514 Claudium
1294 3445 1388 3534 Pop-

360 3560 675 3649 paeamqueNero
702 3558 874 3628 laudasse
895 3559 1078 3628 dicuntur.
1102 3559 1208 3640 Quod
1228 3560 1273 3628 ad
1300 3559 1387 3630 illas

361 3673 592 3742 laudationes
637 3674 777 3757 attinet,
816 3694 900 3761 quae
944 3674 1119 3743 Thraseae
1154 3679 1189 3743 et
1226 3675 1388 3744 Helvidii

364 3789 510 3880 scriptae
532 3793 632 3872 sunt,
653 3790 874 3878 praevalebat
894 3790 1024 3878 cupido
1041 3811 1114 3858 non
1132 3790 1252 3861 solum
1273 3792 1389 3859 Thra-

363 3927 463 3974 seam
483 3910 517 3973 et
537 3905 748 3975 Helvidium
768 3905 938 3987 ornandi,
960 3905 1023 3974 sed
1044 3910 1078 3974 et
1101 3906 1251 3977 illorum
1275 3907 1389 3976 virtu-

362 4025 441 4088 tum
470 4019 811 4088 commemoratione
830 4024 1008 4108 tyrannos
1033 4021 1253 4104 lacessendi,
1277 4022 1389 4091 bono-

362 4157 517 4224 rumque
538 4136 673 4205 civium
693 4136 836 4204 animos
867 4137 1028 4226 erigendi
1050 4159 1057 4207 :
1080 4139 1204 4228 magni
1224 4138 1322 4208 enim
1342 4137 1389 4208 ad
