3086 4970
366 581 563 669 credimus,
585 587 649 674 qui
670 587 782 657 Plinii
803 588 1043 680 epistolarum
1063 587 1394 676 librostempormn

364 698 491 768 ordine
511 699 663 770 collatos
684 703 801 773 fuisse
827 704 998 789 aestimat,
1016 702 1163 772 Plinius
1183 701 1276 771 dixit
1294 700 1391 790 apud

365 815 615 886 centumviros
648 838 712 907 pro
751 819 835 890 Atta
859 819 1011 902 Viriola,
1035 817 1171 888 femina
1200 815 1391 905 splendide

365 933 464 1014 nata,
494 931 571 1002 viro
604 934 772 1022 praetorio
801 940 927 1025 nupta,
967 954 1078 1023 quam
1111 930 1392 1002 exheredaverat

364 1046 620 1136 octogenarius
649 1054 762 1139 pater,
788 1071 951 1120 novercae
975 1068 1097 1119 amore
1121 1053 1263 1137 captus.
1286 1046 1392 1116 Sede·

363 1159 452 1232 bant
468 1162 612 1252 judices
629 1168 775 1236 centum
792 1171 826 1235 et
841 1165 1023 1254 octoginta
1039 1165 1106 1250 (tot
1120 1164 1219 1234 enim
1233 1167 1392 1252 quatuor

365 1277 532 1350 consiliis
562 1280 900 1371 conscribebantur)
916 1302 925 1368 ;
954 1300 1152 1350 numerosa
1189 1278 1388 1373 subsellia;

364 1392 592 1464 densissima
613 1397 932 1466 circumstantium
957 1416 1107 1483 corona;
1134 1418 1152 1462 c
1177 1414 1311 1484 magna
1332 1413 1390 1463 ex·

365 1511 539 1598 spectatio
570 1516 729 1601 patrum,
750 1514 801 1582 ait
822 1513 968 1584 Plinius
997 1511 1235 1594 subridicule,
1256 1531 1390 1600 magna

365 1625 684 1718 filiarum,magna
695 1631 951 1700 novercarum!
969 1655 983 1690 n
1002 1627 1095 1708 Quae
1108 1627 1219 1696 fuerit
1233 1627 1388 1696 oratoris

364 1741 585 1832 eloquentia,
602 1765 683 1833 quae
704 1746 820 1835 copia,
841 1765 922 1834 quae
943 1745 1115 1828 variatae,
1137 1764 1218 1832 quaa
1244 1742 1389 1812 subtili-

361 1861 433 1942 tas,
446 1878 526 1947 quae
547 1859 764 1950 indignatio,
782 1861 866 1950 quis
882 1860 998 1944 dolor,
1009 1864 1130 1930 orator
1148 1861 1227 1950 ipse
1242 1858 1388 1928 abunde

362 1993 432 2044 nos
452 1973 588 2046 docuit.
613 2003 627 2039 ι
649 1977 692 2044 In
713 1996 858 2046 summa
879 1976 999 2044 solent
1018 1975 1169 2064 quidam
1189 1995 1233 2044 ex
1261 1978 1389 2042 contu-

360 2087 575 2162 bernalibus
613 2091 752 2160 nostris
791 2091 999 2162 existimare
1044 2091 1140 2160 banc
1185 2089 1388 2159 orationem

360 2205 509 2293 (iterum
534 2206 667 2297 dicam)
696 2207 930 2300 praecipuam,
952 2210 993 2274 ut
1018 2206 1114 2276 inter
1140 2227 1255 2291 meae,
1280 2214 1392 2292 &aab

358 2335 541 2407 lenaeum:
553 2343 673 2394 esse.»
692 2325 770 2394 Hoc
784 2329 906 2394 tamen
918 2325 1032 2395 Plinii
1048 2324 1236 2394 modestiae
1246 2325 1387 2396 tribua·

359 2460 458 2524 mus,
479 2440 578 2530 quod
597 2447 641 2509 ot
660 2443 765 2510 inter
778 2461 876 2510 meos
895 2441 1026 2511 dixerit
1039 2443 1064 2508 ¹.

405 2557 470 2626 Hae
492 2560 592 2641 sunt,
614 2576 706 2645 quas
727 2557 799 2646 egit
825 2556 985 2642 Plinius,
1014 2563 1142 2648 graves
1172 2577 1387 2646 magnaeque

360 2693 503 2761 causae3
536 2672 675 2742 multas
699 2693 784 2743 vero
806 2673 898 2742 alias
919 2674 1039 2764 egita
1070 2673 1208 2762 quibus
1247 2672 1388 2761 aliquot

362 2789 471 2860 nobis
491 2808 692 2858 memorare
714 2789 811 2858 licet.
837 2788 938 2857 Dixit
957 2810 1021 2879 pro
1043 2789 1241 2872 Firmanis,
1262 2789 1387 2858 nescio

361 2909 486 2976 utrum
500 2906 539 2976 in
558 2904 738 2975 tribunali
753 2925 800 2973 an
816 2905 855 2972 in
870 2909 1013 2988 senatu,
1030 2925 1114 2974 cum
1130 2908 1227 2976 esset
1243 2908 1388 2975 curator

359 3017 455 3094 alvei
488 3022 647 3106 liberie,
679 3021 881 3110 multisque
906 3022 1037 3090 officiis
1067 3021 1386 3110 distringeretur&

359 3139 413 3226 (id
433 3143 489 3210 est
508 3158 604 3209 anno
625 3137 690 3208 105
708 3137 766 3208 vel
786 3138 878 3226 loo).
896 3137 995 3206 Dixit
1011 3158 1075 3226 pro
1094 3137 1218 3206 Vectio
1235 3136 1388 3207 Prisco³

362 3254 401 3322 in
421 3274 531 3323 arena
552 3274 632 3338 sua,
654 3257 695 3322 ut
713 3253 777 3336 ait,
806 3253 875 3322 boc
909 3258 965 3322 est
991 3252 1088 3342 apud
1116 3251 1385 3338 centumviros3

360 3370 529 3458 quamvis
543 3369 640 3438 enim
651 3368 788 3437 multas
798 3369 1046 3459 pulchrasque
1057 3389 1190 3438 causas
1203 3368 1242 3436 in
1256 3372 1387 3436 senatu

359 3483 484 3574 egerit,
497 3505 639 3574 semper
652 3484 912 3556 centumvirale
926 3485 1089 3554 tribunal
1104 3485 1227 3573 potius
1243 3483 1386 3568 habuit,

389 3686 468 3756 ¹21).
486 3690 591 3754 vina.
610 3717 638 3727 -
659 3689 699 3741 cf.
718 3689 862 3742 Sidonium
884 3689 1092 3753 Apollinarem:
1116 3707 1128 3738 u
1152 3690 1181 3742 C.
1205 3677 1311 3739 Plinius
1337 3702 1389 3751 pro

359 3773 422 3824 Atta
435 3769 537 3822 Viriola
551 3771 615 3835 plus
627 3771 723 3834 gloriae
737 3770 772 3820 de
788 3771 981 3821 centumvirali
998 3776 1131 3834 suggestu
1147 3772 1262 3821 domurn
1282 3769 1387 3833 retulit,

360 3865 524 3917 quemdum
535 3851 569 3902 M.
586 3851 676 3914 Ulpio,
697 3850 907 3914 incomparabili
918 3851 1046 3914 principi,
1061 3851 1278 3914 comparabilem
1298 3849 1389 3900 Pane-

360 3932 486 3998 gyricum
498 3931 567 3982 dixit
581 3931 645 3998 (Ep.
660 3931 728 3995 Vlll,
742 3930 797 3994 lo).

392 4013 403 4047 2
419 4012 474 4076 Ep.
492 4011 534 4075 VI,
550 4011 591 4064 18.

391 4093 403 4130 ³
417 4093 471 4161 Ep.
492 4093 535 4157 Vl,
547 4092 587 4158 m,
603 4105 677 4144 armo
687 4091 735 4142 105
748 4092 792 4142 vel
806 4090 864 4144 106.
