3086 4970
598 488 775 562 -51—

166 626 274 697 omni
290 627 504 716 contagione
519 627 692 702 vitiorum
706 626 878 716 reprimis
893 647 933 699 ac
952 647 1114 714 revocas,
1135 627 1198 701 sed

173 743 471 832 magnificentius
501 742 598 832 quod
625 745 781 816 tuost·
810 743 896 815 Haec
919 744 1042 816 omnia
1065 729 1199 832 hisque

174 858 1196 948 mfflmmmmfflmwwmfflm3

172 972 239 1057 rai,
266 973 310 1043 de
334 994 406 1063 qua
438 973 570 1063 agitur,
591 995 666 1044 non
693 973 835 1046 veritati
864 953 1197 1044 accommodantur.

172 1088 364 1158 Nonnulla
392 1089 501 1158 etiam
527 1093 703 1177 tanquam
727 1087 848 1177 palam
871 1087 966 1161 salsa
994 1092 1197 1178 apparent:
1242 1086 1245 1091 ’

175 1229 190 1267 c
218 1205 336 1274 Habet
365 1205 435 1274 hoc
462 1204 621 1294 primum
647 1225 779 1294 magna
806 1203 953 1274 fortuna
981 1203 1079 1294 quod
1105 1203 1200 1273 nihil

170 1325 325 1404 tectum,
361 1321 455 1390 nihil
486 1320 670 1390 occultum
701 1340 782 1390 csse
805 1321 977 1410 potituri.
1006 1343 1022 1388 n
1049 1361 1093 1372 -
1118 1321 1201 1390 Alia

170 1439 247 1504 tarn
263 1439 390 1526 arguta
406 1455 446 1504 ac
461 1436 613 1504 subtilia
625 1439 713 1506 sunt
723 1439 764 1506 nt
777 1435 839 1506 vix
858 1434 1015 1525 intelligi
1030 1435 1199 1524 possint:

173 1551 332 1640 speciem
360 1552 548 1622 sententiae
578 1551 752 1641 praebent,
785 1551 867 1635 scd,
895 1551 927 1620 si
949 1553 1096 1642 penitus
1121 1571 1200 1642 per-

173 1668 350 1757 0000000,
363 1668 460 1736 ¹nihil
476 1672 539 1736 aut
555 1687 664 1756 prope
681 1666 775 1736 nihil
790 1667 860 1736 sub
875 1667 997 1736 verbis
1012 1667 1178 1737 invenies
1193 1686 1199 1735 :

172 1813 188 1852 o
215 1784 329 1854 Nemo
357 1803 498 1866 omues,
525 1781 709 1850 neminem
733 1801 862 1853 omnes
889 1781 1132 1872 fefelleruntl.
1158 1821 1202 1832 -

172 1899 251 1969 Hoc
271 1899 553 1989 inexpugnabile
571 1899 855 1982 munimentum,
876 1898 1106 1968 munimento
1126 1919 1200 1966 000

171 2017 312 2104 egeret
346 2041 360 2078 n
386 2055 431 2066 --
454 2016 537 2084 hlia
559 2019 685 2084 contra
710 2013 877 2102 vulgaria
903 2018 936 2082 et
961 2013 1073 2084 nimis
1099 2013 1198 2096 trita,

169 2135 280 2220 atque
300 2131 409 2201 etiam
430 2131 641 2204 candidiora
656 2129 802 2200 Plinius
817 2129 988 2202 adhibere
1008 2149 1083 2199 nou
1101 2128 1199 2198 dedi-

169 2251 317 2338 gnatur,
339 2248 475 2336 quibus
497 2247 636 2336 stylum
651 2251 828 2334 tanquam
843 2245 968 2316 inutili
984 2249 1198 2314 ornamento

171 2363 344 2433 illustret.
370 2391 383 2428 t
407 2365 456 2434 Ut
472 2367 672 2434 ceterorum
686 2361 893 2444 hominurn,
911 2362 962 2430 ita
976 2361 1197 2460 principum,

172 2479 324 2549 illorum
350 2480 459 2550 etiam
483 2479 547 2568 qui
567 2478 617 2548 dii
640 2478 710 2548 sibi
732 2477 916 2560 videntur,
940 2497 1059 2546 aevum
1088 2497 1195 2546 omne

173 2600 207 2664 et
232 2596 339 2666 breve
366 2599 400 2665 et
431 2595 557 2684 lragile
581 2596 671 2664 est⁵.
692 2633 738 2644 -
757 2593 857 2666 Coelo
882 2610 1073 2682 nunquam
1098 2593 1197 2662 beni-

171 2712 296 2802 gnitas
315 2715 418 2782 tanta
437 2715 478 2780 ut
498 2730 625 2780 omnes
647 2709 759 2780 simul
774 2714 891 2780 terras
912 2709 1054 2778 ubertet
1067 2707 1201 2779 foveat-

172 2828 279 2916 quel.
311 2867 357 2878 -·-
384 2827 502 2896 Habet
537 2827 607 2895 has
637 2826 736 2896 vices
772 2825 932 2895 conditio
966 2824 1199 2908 mortalium,

171 2946 212 3011 u'c
255 2942 408 3013 adversa
447 2963 490 3012 ex
522 2940 715 3024 secundia,
753 2961 796 3012 ex
830 2940 996 3010 adversis
1038 2939 1199 3034 secunda

171 3047 407 3129 nascantnrl.
432 3086 445 3120 r
470 3059 594 3148 Operae
614 3057 771 3146 pretium
793 3077 866 3125 non
889 3060 964 3126 erat
984 3055 1196 3148 Euphraten

170 3174 447 3264 philosophum,
478 3173 703 3244 sublimitate
742 3173 923 3259 sermonis
964 3175 999 3240 et
1035 3171 1197 3268 ingentis

169 3289 291 3358 barbae
304 3290 439 3360 canitie
458 3291 707 3379 praestantem,
725 3288 764 3356 in
784 3287 889 3376 Syria
908 3285 1079 3356 audisse!

169 3445 173 3454 ι
215 3405 424 3490 Postremo,
459 3409 500 3474 ut
531 3404 659 3493 paucis
694 3407 800 3474 antea
833 3403 930 3472 dieta
950 3400 1197 3494 *concludam

170 3675 171 3680 ¹
202 3655 210 3690 ¹
227 3654 299 3708 Pan.
319 3647 362 3706 83⁴.

200 3735 211 3768 ²
226 3734 298 3786 Ibid.

171 3801 172 3808 ’
200 3807 270 3864 rm.
290 3813 329 3864 or.

170 3921 173 3931 ·
200 3894 270 3946 arc.
289 3893 333 3946 ca.

200 3975 272 4024 rra.
294 3974 334 4024 ra.

200 4055 272 4104 ore.
287 4055 329 4106 aa.

201 4134 270 4184 ⁷nr.
292 4135 307 4184 a
