3086 4970
622 513 801 582 „19-

90 727 95 740 ,
197 655 304 746 cepit,
317 654 382 724 sed
397 673 478 743 quae
494 656 619 726 minus
635 655 759 745 gloriae
773 656 819 738 01,
837 658 871 723 01
886 653 978 724 forte
993 653 1119 722 minus
1133 653 1226 743 peri-

198 771 273 842 culi
292 771 508 842 attulerunt.
539 773 598 843 Sic
617 772 779 842 Voconio
799 770 895 842 Rufo
916 774 1041 840 narrat
1067 789 1119 854 se,
1142 790 1226 838 cnm

198 888 296 978 apud
331 889 581 960 centumviros
615 889 754 960 adforet
789 889 1019 972 Arrionillae,
1058 888 1227 956 Timonis

199 1005 318 1088 uxori,
339 1010 468 1096 rogatu
487 1006 591 1076 illius
613 1006 767 1075 Aruleni
780 1006 924 1076 Rustici
938 1005 1045 1093 cnjus
1067 1004 1228 1074 miserri-

199 1142 299 1192 mam
322 1126 477 1193 mortem
502 1143 614 1214 supra
637 1123 850 1207 memoravi,
876 1143 1011 1191 ausum
1031 1122 1148 1191 luisse
1164 1121 1229 1190 ali-

200 1225 312 1327 quam
331 1240 448 1310 Mettii
472 1240 645 1325 Modesti,
670 1241 733 1330 qui
753 1245 833 1309 tum
848 1260 869 1309 a
887 1241 1035 1309 Caesare
1048 1237 1230 1328 relegaba-

199 1359 273 1440 tur,
290 1355 508 1426 sententiam
525 1377 745 1446 expromere,
758 1360 792 1426 01
807 1357 887 1426 ideo
899 1354 1101 1445 capitaliter
1113 1354 1230 1424 fnisse

201 1492 222 1540 a
245 1472 385 1561 Regulo
404 1473 655 1543 lacessitnm¹.
676 1472 780 1543 Alias
805 1493 888 1542 cum
902 1472 1019 1542 Satrio
1039 1471 1149 1554 Rufo,
1171 1490 1231 1560 op-

201 1587 291 1658 timo
307 1587 400 1671 viro,
422 1591 548 1658 contra
570 1588 739 1658 eumdem
763 1588 946 1677 Regulum
970 1588 1009 1656 in
1031 1586 1232 1655 centumvi-

202 1702 271 1771 rali
287 1703 428 1791 judicio
443 1725 481 1773 se
495 1702 615 1794 egisse
631 1703 718 1772 dicit
730 1705 756 1770 ².
778 1704 828 1772 M.
843 1703 1036 1791 Aquilium
1049 1701 1232 1791 Regulum

204 1817 344 1888 scilicet
381 1818 596 1909 plerumque
631 1819 883 1888 adversarium
915 1817 1090 1900 habehat,
1125 1817 1233 1905 cujus

203 1933 360 2022 figuram
388 1939 462 2004 tam
491 1956 573 2005 vere
605 1935 797 2025 lepideque
825 1935 864 2003 in
892 1933 1235 2032 quadamnepistola

204 2051 414 2140 expressit:
440 2052 551 2122 homo
579 2055 655 2121 erat
681 2051 966 2134 disertissimus,
994 2051 1123 2139 lingua
1146 2069 1235 2138 prae-

204 2171 348 2256 potens
363 2168 427 2257 qui
449 2168 518 2237 suh
538 2169 683 2239 Nerone
702 2169 860 2258 optimos
877 2168 974 2239 cives
987 2169 1234 2248 accusaverat,

206 2283 276 2352 sub
296 2282 506 2354 Domitiano
523 2304 668 2373 quoque
689 2285 869 2354 Crassum
889 2288 924 2353 01
946 2283 1182 2352 Camerinum
1202 2285 1237 2350 01

204 2403 350 2470 tantum
360 2421 435 2470 non
449 2401 615 2470 Plinium
626 2401 843 2491 perdiderat,
856 2400 1034 2490 locuples,
1044 2398 1236 2482 factiosus,

206 2535 229 2584 a
247 2515 378 2585 multis
403 2521 567 2601 curatus,
589 2517 795 2606 apluribus
815 2514 1074 2586 reformidatus
1102 2535 1110 2584 :
1140 2513 1237 2583 idem

209 2631 279 2702 suh
300 2632 420 2702 Nerva
443 2632 598 2702 timidus
620 2637 654 2702 01
672 2633 828 2701 humilis
848 2636 883 2701 et
897 2631 1185 2721 abjectissimus
1204 2633 1239 2697 et

207 2746 313 2818 valde
339 2748 491 2836 cupiens
519 2748 590 2818 sibi
615 2749 779 2818 Plinium
798 2747 1027 2818 reconciliari
1041 2768 1050 2833 ;
1080 2746 1238 2833 denique

207 2878 410 2960 3001000000,
436 2870 477 2936 01
506 2865 557 2934 ait
584 2865 745 2948 Plinius,
771 2869 806 2934 et
835 2865 911 2952 qui,
942 2868 983 2931 ut
1007 2862 1116 2930 malis
1142 2861 1240 2950 prin-

210 2983 355 3073 cipibus
372 2986 541 3070 acceptus
558 2980 704 3064 fuisset,
719 2981 770 3048 ita
786 3001 806 3048 a
821 2979 930 3049 honis
944 2978 1149 3068 impunitus
1162 2995 1241 3044 eva-

210 3097 322 3168 deret.
346 3098 534 3179 Quantum
551 3096 664 3165 distat
678 3096 775 3164 illea
795 3100 921 3165 nostro
937 3093 1060 3164 Plinio
1073 3096 1241 3160 1010000-

211 3214 311 3299 dide,
327 3219 403 3283 tam
427 3213 604 3296 officioso,
626 3218 774 3300 tamque
811 3232 926 3300 prono
947 3211 985 3278 in
1002 3226 1242 3296 quacumque

212 3333 368 3402 honesta
384 3351 424 3399 ac
440 3330 536 3399 bona
551 3333 655 3398 erant
670 3332 676 3396 1
701 3327 809 3397 Salva
826 3328 937 3416 igitur
960 3325 1150 3414 dignitate,
1173 3323 1243 3392 sal-

213 3467 329 3536 vaque
341 3447 534 3516 securitate
547 3445 693 3515 Plinius
707 3446 868 3532 pessima
880 3443 958 3512 haec
972 3446 1137 3530 tempora
1146 3444 1244 3508 tran·

216 3562 302 3634 sivit
314 3583 324 3648 3
351 3562 406 3632 nil
428 3563 525 3645 fecit,
546 3561 673 3650 nilque
699 3559 804 3642 dixit,
825 3557 1102 3649 propterquod,
1123 3558 1244 3627 Nerva

247 3843 257 3880 ¹
273 3844 374 3896 Omnia
386 3843 447 3894 hacc
461 3843 523 3893 lusa
541 3847 569 3893 et
585 3841 676 3907 lepida
695 3842 723 3890 in
738 3842 856 3905 epistola
871 3843 900 3906 (l,
913 3842 937 3904 5)
957 3845 1143 3905 exponuntur.
1163 3839 1247 3890 «Neo

216 3924 318 3974 lamam
340 3937 433 3974 meam
455 3923 549 3986 aliquo
571 3935 715 3986 response,
738 3921 800 3970 utili
823 3923 949 3982 sortasse,
973 3922 1119 3971 inhonesto
1143 3924 1246 3978 lamen,

215 4003 354 4066 laeseram,
377 4017 430 4054 nec
451 4015 497 4052 me
517 4001 627 4064 laqueis
646 4006 704 4051 tam
720 4001 867 4051 invidiosae
885 3999 1110 4062 interrogationis
1124 3998 1247 4048 involve·

217 4097 287 4137 ram.
308 4100 320 4131 r

247 4163 259 4196 ²
272 4163 346 4216 111101.
