3086 4970
597 507 775 576 „93-

176 649 315 718 conscii
330 653 433 717 erant
452 648 638 717 inclinata
652 651 760 737 atque
781 647 892 716 etiam
904 646 1018 736 lapsae
1034 646 1208 736 eloquen-

175 764 253 834 tiae.
287 764 358 835 Sed
391 763 702 852 quemadmodum
733 763 882 832 Plinius
915 762 1040 833 omnia
1062 764 1208 833 renasci

178 881 247 952 sub
272 881 431 969 Trajano
454 879 668 963 crediderat,
693 878 746 949 sic
765 879 970 949 Eumenius
989 899 1067 950 rem
1090 900 1208 949 roma-

177 1017 263 1065 uam
288 995 491 1085 plurimum
519 1000 615 1065 terra
635 995 800 1082 marique
819 994 953 1078 valere,
981 999 1016 1064 et
1035 994 1207 1083 eloquen-

177 1113 267 1180 tiam
302 1112 435 1182 iterum
463 1111 619 1180 llorere¹
650 1110 859 1197 dictitabat3
888 1111 941 1180 sic
965 1112 1208 1180 Mamertinus

176 1227 359 1296 iuliano:
385 1254 398 1290 a
428 1227 677 1296 inexstincta
708 1225 914 1294 litterarum
950 1226 1073 1296 studia
1104 1227 1207 1295 llam-

178 1344 338 1412 mastilss'
370 1365 387 1410 1)
422 1343 520 1424 Quin
553 1343 662 1412 etiam
695 1343 840 1412 felicius
872 1343 982 1432 paulo
1020 1347 1104 1433 post
1136 1343 1208 1413 luit

177 1463 338 1548 tempus,
354 1460 393 1527 in
409 1480 481 1548 quo
495 1458 552 1527 1111
570 1459 713 1547 antiqui
734 1461 863 1528 Romae
879 1463 1041 1528 oratores
1060 1460 1206 1528 renasci

178 1579 213 1643 et
227 1575 444 1645 revirescere
462 1575 501 1643 in
516 1595 591 1644 uno
609 1574 759 1643 homine
780 1573 1014 1643 viderentur:
1035 1573 1078 1642 de
1102 1575 1206 1663 Sym-

178 1691 307 1760 macho
327 1691 471 1779 loquor‚
493 1711 602 1780 quem
615 1689 825 1759 Macrobius
840 1689 945 1758 nullo
960 1694 1124 1760 veterum
1140 1691 1207 1760 mi·

177 1826 317 1890 norem,
349 1827 467 1896 neque
497 1806 685 1889 Cicerone,
712 1826 830 1895 neque
865 1804 1056 1890 Sallustio,
1086 1826 1204 1894 neque

179 1924 363 1993 Frontone
378 1922 495 1992 fuisse
515 1923 683 2005 affirmat,
700 1921 857 2010 denique
879 1921 1002 1991 Plinio
1022 1921 1095 2010 ipsi
1116 1941 1206 1990 exae-

179 2043 281 2129 quat,
297 2060 380 2109 cum
394 2039 502 2109 ambo
517 2039 556 2107 in
571 2038 700 2128 pingui
715 2059 757 2107 ac
770 2037 902 2107 florido
917 2058 1046 2128 genere
1063 2037 1208 2106 dicendi

179 2155 257 2224 sint
275 2154 452 2226 luxuriati
464 2157 490 2222 ³.

224 2272 301 2340 Has
315 2271 532 2362 Panegyrici
551 2291 679 2360 poenas
701 2271 849 2340 Plinius
869 2271 992 2342 dabat.

207 2492 216 2526 ¹
233 2491 348 2542 Eumen.
365 2491 420 2540 Pro
430 2492 617 2542 restaurandis
628 2493 732 2555 scholis,
749 2507 812 2556 cap.
834 2492 874 2543 19.

210 2571 221 2606 ²
236 2572 361 2622 Mamert.
376 2571 478 2636 Panep.
491 2571 605 2636 Juliaot,
621 2587 682 2636 cap.
696 2572 738 2623 23.

208 2651 219 2686 ³
234 2651 400 2705 Macrobius,
422 2651 533 2702 Satura.
554 2653 584 2715 V,
601 2652 631 2702 l:
648 2668 661 2701 c
677 2652 801 2712 Quatuor
814 2657 880 2703 sunt
897 2667 1000 2716 genera
1013 2651 1124 2703 dicendi
1138 2668 1145 2703 ;
1159 2667 1208 2704 co-

178 2732 298 2796 piosum,
313 2732 409 2794 inquo
424 2731 519 2782 Cicero
534 2733 707 2796 dominatur;
719 2733 812 2796 breve,
827 2733 856 2784 iu
871 2746 927 2798 quo
942 2733 1089 2784 Sallustius
1101 2739 1208 2797 regnat,

177 2809 294 2873 siccum,
316 2810 392 2873 quod
410 2804 542 2862 Frontoni
564 2810 742 2873 adscribitur,
764 2812 866 2875 pingue
891 2816 920 2861 et
940 2812 1081 2874 floridum,
1103 2811 1132 2861 in
1152 2825 1209 2874 quo

176 2889 285 2939 Plinius
299 2889 445 2941 Secundus
459 2891 609 2953 quondam,
623 2895 652 2941 et
668 2904 743 2940 nunc
757 2891 834 2941 nullo
853 2896 980 2942 veterum
997 2891 1089 2942 minor
1112 2896 1209 2941 noster

176 2969 360 3034 Symmachus
371 2971 541 3024 luxuriatur,
555 2987 567 3020 »

455 3225 516 3278 Vidi
529 3241 563 3278 ac
576 3227 692 3292 perlegi,

335 3323 452 3376 Lutetiae
463 3325 644 3389 Parisiorum,
658 3325 687 3375 in
699 3325 832 3385 Serbona‚

269 3422 359 3486 pridie
370 3423 425 3473 kal,
437 3427 519 3473 mart.
535 3437 600 3472 ann.
615 3422 889 3473 MDCCCLXXXVIII.

178 3521 328 3571 Facultatis
343 3521 511 3571 Litterarum
524 3521 553 3570 in
564 3521 714 3572 Academia
727 3521 879 3572 Parisiensi
891 3521 1028 3571 Decanus

517 3620 548 3669 A.
562 3619 676 3670 HIMLY.

875 3798 957 3862 'lypis
972 3798 1130 3848 mandetur.

760 3897 915 3949 Academiae
929 3896 1092 3948 l‘arisicnsis
1107 3899 1206 3944 rector.

920 3983 1063 4044 cunano.

534 4165 850 4238 —fflssffi
