3086 4970
833 513 877 582 48
901 545 944 562 ..-

345 653 506 742 galitas),
528 654 626 742 quod
646 655 744 723 idem
764 675 1032 743 nonnunquam
1047 661 1170 724 manet
1194 657 1295 742 (nain
1317 663 1370 725 est

345 769 557 839 humanitas
590 791 673 860 erga
705 772 905 859 convivas),
933 771 1030 859 qued
1067 792 1140 840 non
1169 775 1368 855 ructatur⁴‚

344 887 441 975 qued
460 908 534 956 non
558 907 664 956 omne
690 907 799 955 suum
817 887 930 969 ¹videl,
961 886 1129 976 bonaque
1156 888 1276 956 aliena
1299 888 1368 956 sibi

345 1023 420 1071 non
435 1005 559 1092 rapit&
576 1003 717 1072 Laudat
730 1004 838 1072 etiam
851 1002 948 1091 qued
960 1003 1015 1071 illi
1030 1004 1149 1072 crines
1161 1003 1351 1072 albescunt
1357 1025 1366 1090 ;

348 1146 361 1181 1
388 1140 455 1188 uec
475 1120 554 1189 sine
579 1119 738 1207 quodam
753 1140 903 1189 munere
919 1121 1027 1189 deum
1044 1121 1227 1190 festinatis
1249 1140 1368 1190 senec-

350 1264 363 1299 1
390 1237 481 1305 tutis
493 1236 705 1324 insignibus
722 1236 986 1325 adaugendam
1002 1237 1230 1325 majestatem
1244 1241 1369 1306 ornata

350 1380 363 1414 1
390 1352 581 1422 caesaries³
604 1374 641 1438 »3
670 1352 761 1420 side
781 1352 981 1422 Domitiani
1002 1353 1134 1422 canitie
1153 1353 1211 1423 vel
1226 1353 1367 1422 calvitie

345 1469 527 1558 agendum
541 1469 687 1551 fuisset,
705 1489 795 1538 sane
810 1469 964 1538 dixisset
979 1469 1066 1538 deos
1083 1470 1121 1537 in
1138 1473 1245 1559 caput
1259 1470 1368 1559 impe-

343 1586 479 1655 ratoris
513 1586 683 1674 stigmata
722 1585 881 1654 luxuriae
916 1587 1172 1675 impressisse;
1206 1607 1292 1654 nam
1329 1587 1367 1654 in

344 1707 536 1791 utramque
577 1705 715 1791 partem
752 1703 946 1790 excogitari
975 1707 1093 1791 petest
1124 1703 1233 1771 color.
1273 1704 1366 1783 Qua-

342 1824 487 1908 propter
519 1818 724 1907 saepissime
744 1819 797 1901 lit,
827 1823 867 1886 ut
893 1819 1039 1887 Plinius
1062 1839 1136 1888 nen
1164 1819 1271 1888 mode
1299 1820 1366 1888 hcc

344 1941 406 2003 aut
435 1934 528 2003 illud
558 1935 596 2002 in
624 1935 783 2023 Trajano
810 1933 947 2017 laudet,
963 1934 1035 2052 'sed
1056 1936 1163 2003 etiam
1188 1936 1367 2004 contraria

342 2051 508 2140 interque
524 2072 562 2120 se
582 2052 784 2140 pugnantia
803 2052 937 2140 pariter
953 2050 1102 2120 extollat
1123 2051 1193 2119 sub
1209 2051 1365 2122 diversis

342 2169 540 2238 coloribus.
566 2168 749 2237 «Initium
778 2167 915 2236 laberis
936 2168 1047 2236 mirer
1071 2188 1117 2236 an
1143 2168 1315 2237 finemrr.
1331 2221 1359 2236 ..

344 2287 545 2355 Geslumne
567 2284 802 2354 consulatum
821 2285 931 2354 mirer
944 2305 990 2352 an
1004 2305 1079 2353 non
1096 2287 1362 2374 receptum52...

342 2403 474 2471 Nescio
491 2401 732 2491 pulchriusne
749 2401 797 2470 sit
814 2401 916 2470 istud
928 2401 1040 2490 quod,
1052 2405 1235 2490 praeeunte
1247 2402 1362 2485 nullo,

341 2538 388 2586 an
407 2517 476 2586 hoc
496 2517 607 2605 quod,
630 2518 702 2586 alio
722 2522 920 2606 praeeunte,
934 2517 1108 2606 jurastis
1123 2567 1153 2584 ..
1178 2544 1192 2579 »
1217 2518 1364 2587 Utrum-

341 2653 411 2722 que
439 2633 585 2702 Plinius
606 2655 707 2722 aeque
731 2634 897 2717 miratur,
926 2634 1179 2723 duplicemque
1203 2633 1362 2719 laudem,

340 2770 415 2818 nen
435 2771 561 2834 unam,
580 2771 621 2818 ex
647 2771 721 2820 unc
747 2750 826 2819 lucc
846 2751 1036 2839 expromit.
1065 2749 1164 2818 Adeo
1191 2750 1364 2819 didicerat

340 2866 540 2955 quamlibet
562 2887 711 2934 causam
730 2866 983 2956 probabilibus
997 2865 1223 2954 argumentis
1244 2865 1364 2936 deien-

339 2982 436 3053 dere!
1213 3001 1217 3011 ·

382 3099 543 3170 Alteram
564 3119 581 3167 e
603 3099 729 3168 schola
744 3097 1049 3168 consuetudinem
1065 3096 1228 3180 duxerat,
1246 3097 1284 3167 id
1309 3103 1362 3167 est

338 3215 392 3283 uti
416 3215 492 3284 illis
522 3215 715 3284 sententiis
738 3235 830 3302 quas
860 3215 977 3284 Graeei
994 3236 1093 3308 γνώμα,-
1117 3213 1359 3304 appellabant.

338 3333 379 3400 ln
413 3331 642 3412 Quintiliane
675 3332 866 3420 legimus:
896 3333 1003 3401 «Est
1032 3336 1154 3400 antem
1187 3331 1266 3400 haec
1293 3351 1362 3399 vox

339 3470 356 3512 1
383 3447 620 3531 universalis,
647 3467 727 3536 quae
748 3448 857 3516 etiam
877 3449 967 3517 citra
987 3448 1214 3537 complexum
1241 3467 1360 3515 causae

340 3589 353 3624 1
380 3564 499 3652 possit
526 3583 606 3633 esse
632 3563 847 3647 laudabilis,
869 3565 1015 3634 interim
1040 3565 1085 3633 ad
1113 3583 1190 3634 rem
1218 3566 1359 3631 tantum

366 3766 465 3817 1Ραη.
485 3766 527 3817 49.

366 3848 437 3896 lid.
458 3846 498 3898 50.

364 3929 376 3962 ³
391 3928 433 3977 Id.
450 3929 473 3978 1.

365 4008 375 4042 ⁴
390 4007 435 4057 Id.
456 4007 498 4058 14.

364 4088 435 4137 5Id.
456 4088 495 4137 56.

366 4168 432 4217 flId.
450 4167 492 4218 61.
