3086 4970
738 497 915 562 ..44-

319 638 466 708 ferenda
482 637 706 727 judicamus.
723 637 942 726 Quanquam
960 659 998 706 se
1013 639 1071 707 vel
1091 637 1241 727 aspecie
1255 636 1343 704 adu-

318 755 468 825 lationis
484 756 494 800 ¹
517 755 769 837 abhorruisse,
790 775 907 842 neque
929 775 967 824 se
982 759 1024 823 ut
1039 755 1119 839 deo,
1136 759 1178 823 ut
1198 754 1343 822 numini

320 872 573 941 blanditurum
608 871 819 960 profitetur,
859 870 948 958 quid
981 871 1024 940 de
1062 870 1140 939 illis
1167 869 1343 939 laudibus

322 989 539 1071 sentiamus
574 987 710 1075 quihus
744 987 926 1076 Trajanus
966 986 1035 1056 soli
1069 987 1202 1054 iterum
1235 989 1342 1074 atque

320 1106 453 1175 iterum
474 1108 716 1193 comparatur,
751 1106 858 1191 atque
895 1103 935 1172 in
961 1103 1030 1172 hcc
1049 1106 1194 1171 tantum
1213 1102 1344 1170 mundi

318 1226 466 1312 parente
487 1219 630 1289 differre
650 1218 796 1301 dicitur,
818 1218 915 1306 quod
941 1219 1080 1308 Jupiter
1113 1217 1217 1300 coelc,
1246 1219 1343 1307 prin-
1401 1261 1404 1264 -

321 1357 404 1426 ceps
429 1336 538 1405 terris
568 1334 692 1404 eadem
724 1333 849 1403 divina
885 1339 1004 1403 mente
1037 1335 1197 1403 vacat²l
1231 1332 1341 1416 Quid,

321 1473 404 1524 cnm
423 1451 592 1522 laudator
612 1471 739 1520 omnes
760 1450 936 1540 principis
965 1451 1120 1520 virtutes
1156 1451 1264 1538 quasi
1298 1451 1342 1519 ab

320 1589 387 1638 ovo
425 1567 593 1651 celebrat,
626 1587 743 1655 neque
772 1587 834 1655 per
868 1569 1014 1634 centum
1051 1564 1193 1635 circiter
1227 1566 1344 1654 capita

321 1685 458 1754 desinit
497 1684 693 1753 extolleret
735 1683 851 1782 Quid,
887 1703 970 1752 cum
1013 1683 1144 1752 ultima
1189 1682 1341 1773 pudoris

321 1800 545 1898 imperatorii
590 1800 818 1868 munimenta
869 1798 1094 1888 perrumpit,
1145 1797 1342 1887 laudatque

321 1917 454 2006 ipsam,
494 1936 565 2004 qua
606 1915 735 1984 laudes
774 1915 1017 2005 accipiuntur,
1056 1913 1343 1983 verecundiam?

323 2061 337 2094 ι
365 2031 536 2100 Vidimus
565 2032 821 2100 humescentes
842 2030 969 2099 oculus
993 2033 1092 2112 tuce,
1122 2029 1343 2099 demissum-

321 2169 390 2237 que
410 2147 542 2238 gaudiu
567 2147 725 2229 vultum,
754 2150 970 2234 tantumque
992 2145 1186 2234 sanguinis
1207 2147 1244 2213 in
1268 2166 1341 2228 cre,

321 2264 562 2354 quantumin
592 2264 714 2332 animo
743 2262 894 2351 pudoris
910 2264 982 2330 ³!»
1016 2263 1205 2332 Pravusne
1235 2261 1344 2331 fuerit

317 2381 488 2451 adulatur
517 2379 676 2462 Plinius,
707 2399 754 2446 an
775 2377 968 2460 candidus
994 2377 1051 2448 vel
1083 2378 1192 2446 etiam
1222 2377 1345 2446 candi-

321 2496 401 2565 dicr
436 2494 701 2584 panegyrista?
728 2492 916 2580 Quidquid
954 2492 992 2560 id
1033 2496 1100 2575 est,
1144 2493 1346 2561 oraticnem

321 2612 438 2700 magis
455 2609 698 2691 audientium,
715 2609 852 2697 quibus
870 2608 1047 2690 recitavit,
1078 2627 1189 2696 quam
1216 2608 1344 2697 optimi

320 2727 496 2817 principis
518 2726 683 2794 muribus
697 2725 841 2795 videtur
860 2724 1169 2794 accommodasse.

336 2844 417 2912 'Ne
451 2846 574 2910 tamen
607 2840 722 2909 nimia
767 2841 955 2910 severitate
984 2839 1081 2908 illud
1127 2839 1344 2928 panegyrici

318 2960 450 3030 vitium
471 2959 712 3026 aestimemus.
735 2957 776 3024 ln
796 2957 863 3024 hac
888 2960 1060 3045 perpetua
1089 2955 1239 3044 Trajani
1266 2955 1343 3023 lau·

319 3075 477 3158 datione,
492 3093 576 3162 quae
588 3093 657 3141 nos
670 3071 778 3140 hodie
789 3071 950 3154 offendit,
967 3092 1168 3160 parumque
1187 3071 1264 3155 illc,
1280 3071 1343 3158 qui

317 3191 484 3259 omnium
499 3208 681 3257 censensu
695 3187 864 3276 Optimus
883 3188 1094 3270 vocabatur,
1113 3187 1223 3276 digna
1235 3187 1342 3254 nobis

317 3306 474 3387 videtur,
497 3325 541 3373 ne
563 3303 796 3372 immodicam
814 3302 989 3371 adulandi
1014 3302 1221 3392 cupidinem
1246 3322 1343 3392 spec-

318 3426 453 3503 temus,
476 3419 539 3489 sed
558 3420 681 3509 put-ius
702 3419 788 3487 boni
814 3418 903 3486 civis
926 3417 1148 3487 alacritatem
1170 3438 1342 3506 spemque

350 3657 357 3689 ¹
374 3656 447 3705 Pan.
465 3656 489 3705 l.

348 3735 448 3785 ⁹Pac.
464 3735 503 3792 35.
515 3733 565 3784 80:
583 3751 594 3782 1
611 3735 686 3784 Talia
702 3748 764 3784 esse
779 3734 946 3784 crediderim
963 3749 1027 3797 quae
1047 3735 1107 3797 ipse
1125 3734 1223 3782 mundi
1244 3747 1345 3796 parens

318 3819 454 3877 temperat
477 3819 557 3875 nutu,
579 3815 601 3863 si
616 3815 728 3877 qnando
743 3813 824 3863 oculo
839 3815 951 3863 demisit
964 3815 992 3862 in
1007 3819 1103 3871 terras,
1120 3820 1146 3862 et
1159 3814 1231 3863 facta
1244 3817 1346 3861 morta-

318 3897 387 3945 lium
402 3895 474 3944 inter
493 3895 586 3943 divina
608 3909 691 3957 opera
706 3907 853 3944 numerare
876 3895 1005 3955 dignatus
1025 3898 1081 3957 est3
1102 3908 1157 3956 qua
1178 3909 1252 3943 riunc
1266 3900 1344 3956 parte

318 3976 389 4024 liber
401 3977 574 4036 solutusque,
586 3976 658 4024 coelo
672 3979 780 4024 tantum
795 3977 882 4037 vacat,
898 3979 1046 4037 postquem
1063 3978 1089 4024 te
1106 3974 1189 4037 dedit,
1210 3975 1256 4036 qui
1279 3988 1345 4035 erpa

318 4069 401 4106 omne
416 4055 560 4104 hominum
574 4069 661 4118 genus
676 4055 736 4105 viee
749 4069 801 4104 sna
815 4055 985 4118 fungeretur.
999 4071 1011 4103 a

349 4135 361 4170 ³
376 4135 447 4184 Pan.
462 4133 503 4186 73.
