3086 4970
387 1590 435 1640 nr
460 1589 575 1640 romu
600 1589 719 1642 cursu
744 1569 968 1642 ounrourol.

211 1952 292 2022 lltsi
313 1973 355 2022 ex
379 1954 605 2024 orationihus
624 1953 762 2024 habitis
784 1954 1003 2044 scriptisque
1029 1973 1051 2022 a
1070 1951 1191 2024 Plinio

167 2069 263 2138 nihil
283 2047 357 2138 nisi
375 2070 633 2162 Puceppricus
654 2072 693 2140 in
713 2092 846 2142 manus
861 2076 1009 2141 nostras
1030 2069 1188 2152 devenit,

168 2187 259 2255 satis
286 2190 406 2276 aperte
432 2192 554 2257 tamen
584 2189 770 2272 novimus,
801 2191 863 2257 aut
886 2189 1010 2278 potius
1043 2185 1190 2275 conjici·

167 2323 266 2386 mus,
294 2302 416 2390 qualis
440 2303 478 2372 in
502 2303 654 2373 dicendo
675 2303 783 2373 luerit
802 2302 864 2373 ille
889 2303 1039 2392 Trajani
1066 2301 1191 2371 claris-

169 2419 288 2488 simus
313 2419 493 2489 laudator.
520 2421 670 2492 Minime
701 2421 799 2490 enim
823 2421 855 2489 is
885 2420 967 2503 fuit,
994 2419 1057 2507 qui
1078 2419 1192 2488 vitam

169 2557 275 2606 suam
307 2536 560 2621 absconderit,
596 2558 706 2626 seque
737 2557 812 2606 suae
837 2521 1038 2626 ¹peculiaris
1067 2535 1190 2624 gloriae

58 2711 64 2724 .
168 2652 398 2721 incuriosum
413 2654 635 2742 praestiterit.
652 2653 770 2734 Quare
787 2652 960 2742 epistolas
982 2652 1075 2740 ejus,
1097 2671 1189 2739 quas

168 2766 246 2857 ipse
276 2767 388 2837 edidit
419 2768 703 2858 publicavitquo,
736 2768 1020 2858 interrogemus,
1046 2787 1118 2837 non
1151 2770 1192 2834 ut

167 2884 350 2973 privatum
371 2887 404 2951 et
424 2885 530 2972 quasi
550 2885 756 2954 tunicatum
770 2884 905 2967 virum,
933 2882 997 2952 sed
1012 2886 1054 2951 ut
1072 2881 1192 2971 publi-

170 3018 267 3082 cum,
301 2999 445 3088 magnis
474 2981 605 3069 officiis
634 3021 709 3069 non
740 3001 928 3090 imparem,
960 3003 994 3067 et
1022 3017 1193 3086 magnam

169 3114 385 3202 eloquentiae
412 3114 559 3184 laudem
586 3116 758 3206 adeptum
781 3113 1111 3206 deprehendamus.
1140 3113 1193 3181 Ex

161 3228 247 3298 illis
262 3249 389 3319 nempe
404 3250 505 3319 paene
522 3251 667 3300 omnem
682 3231 795 3300 Plinii
811 3229 1010 3299 oratorium
1026 3248 1191 3312 cursum,

170 3365 191 3413 a
210 3365 321 3434 puero
342 3346 527 3434 usquead
551 3346 722 3415 ultimum
743 3345 826 3414 vitae
848 3344 1061 3428 terminum,
1088 3345 1193 3413 resti-

170 3467 270 3530 tuere
289 3482 504 3550 possumus.

130 3585 133 3592 ’
215 3576 267 3645 De
286 3578 473 3666 magistris
493 3583 629 3661 tamen,
657 3599 750 3667 qnos
779 3576 961 3659 hahuerit,
989 3596 1119 3665 parum
1140 3579 1195 3645 cst

169 3693 329 3762 locutus.
349 3694 608 3763 Libentissime
631 3695 675 3763 ah
691 3715 731 3763 eo
745 3693 1029 3782 accepissemus
1047 3691 1135 3781 quid
1156 3692 1195 3760 in

172 3810 301 3879 schola
318 3812 459 3880 Nicetis
475 3811 693 3894 Sacerdotis
709 3810 888 3898 Smyrnaei
905 3809 1008 3878 illius
1023 3809 1194 3891 rhetoris,

205 4014 212 4048 ¹
230 4013 268 4064 Cl.
283 4015 384 4078 Meyer.
398 4015 423 4064 F
422 4023 565 4080 rapmeotc
578 4023 717 4066 oratorum
731 4029 916 4065 romanorum.
929 4041 960 4048 -
970 3987 1106 4062 Fromen't.
1118 4014 1196 4064 Ptine

165 4096 196 4167 ‘le
211 4094 327 4145 Jeuneet
340 4097 363 4146 te
376 4096 492 4146 borreau
500 4111 560 4146 sous
575 4097 676 4160 Trajan
688 4096 819 4159 (Annales
828 4096 863 4144 de
875 4095 902 4145 la
913 4096 1022 4146 Facultd
1030 4096 1080 4148 des
1093 4096 1197 4145 lettres

169 4177 203 4226 tle
218 4176 371 4237 Bordeaux,
386 4175 456 4235 ffi‘ll,
471 4191 499 4242 p.
516 4176 581 4240 1⁶28).
