3086 4970
759 497 937 568 -50..

331 661 460 712 omnes
493 661 532 710 se
569 641 742 730 praestat?
775 639 880 709 Hanc
911 635 1166 731 pepet's'tatim
1194 635 1356 719 adhibet,

332 779 405 847 qua
419 757 503 827 laus
519 755 785 845 amplificetur:
806 783 820 820 «
840 756 1002 826 Facilius
1021 758 1077 825 θεῖ
1090 773 1209 824 unum
1221 772 1356 834 amare,

330 895 442 964 quam
467 871 605 943 multos
618 874 641 940 ¹.
658 895 675 940 n
699 872 737 942 Si
754 872 937 961 Trajanus
958 871 1099 962 plebem
1116 869 1355 960 despexisset,

328 983 529 1078 unumque
552 991 615 1057 aut
643 987 798 1058 alterum
827 987 1029 1070 dilexisset,
1058 1006 1179 1056 nonne
1207 984 1356 1056 Plinius

327 1105 424 1174 hanc
445 1104 665 1175 contrariam
685 1124 803 1192 neque
821 1105 946 1174 minus
965 1103 1192 1194 prohabilem
1213 1105 1357 1171 seuten-

327 1221 419 1290 tiam
438 1219 625 1290 attulisset
647 1239 655 1288 :
674 1246 688 1282 c
704 1218 866 1290 Facilius
882 1222 938 1288 est
956 1217 1094 1290 multos
1110 1237 1230 1287 amare
1244 1236 1356 1306 quam

329 1336 472 1404 unumi
503 1361 517 1398 ι
550 1372 594 1386 -
622 1334 717 1404 Cum
747 1334 789 1404 de
819 1334 1011 1406 Suburano
1040 1333 1217 1422 loquitur,
1246 1352 1356 1421 quem

328 1451 513 1541 Trajanus
537 1450 697 1540 praetorii
717 1449 927 1540 praefectum
946 1449 1147 1534 dimiserat,
1170 1449 1202 1518 si
1222 1469 1297 1518 non
1316 1449 1355 1517 in

329 1566 515 1648 exsilium,
538 1566 669 1635 saltem
684 1565 723 1634 in
745 1565 991 1655 longinquum
1011 1585 1212 1648 recessum,
1234 1564 1355 1634 Gaesa-

328 1703 405 1752 rem
420 1682 527 1752 nohis
544 1682 648 1771 tingit
665 1685 822 1752 stantem
835 1681 873 1753 in
887 1682 1021 1766 littore,
1038 1682 1225 1771 mariaque
1237 1682 1354 1750 amico

328 1803 552 1889 precantem,
588 1797 823 1868 Suburanum
861 1802 983 1868 autem
1014 1798 1199 1868 constanti
1230 1798 1354 1868 animo

329 1917 534 1997 exeuntem,
556 1917 664 2001 atque
682 1913 761 1982 haec
782 1911 954 2001 subjicit:
980 1941 994 1976 (ι
1016 1914 1092 1985 Νθο
1111 1913 1238 1984 dubito
1262 1914 1355 2002 quin

327 2027 518 2117 agitaverit
547 2048 672 2098 secum
701 2049 748 2098 an
773 2028 1020 2117 gubernacula
1046 2032 1289 2118 retorqueret;
1320 2034 1356 2098 et

328 2143 488 2229 lecisset,
509 2145 583 2214 nisi
598 2143 696 2233 quod
711 2164 813 2234 paene
827 2145 909 2234 ipso
923 2145 1160 2216 contubernio
1175 2145 1353 2235 principis

328 2259 473 2332 felicius
502 2260 780 2350 jucundiusque
819 2264 874 2330 est
911 2260 1121 2331 desiderare
1153 2262 1354 2351 principem

328 2373 635 2446 desiderantemi.
661 2401 675 2438 t
700 2415 747 2426 -
767 2375 865 2456 Quid
885 2375 927 2446 de
952 2377 1081 2446 ceteris
1104 2392 1227 2465 papae,
1260 2397 1353 2466 ques

328 2510 477 2579 sparsas
497 2491 535 2564 in
559 2494 634 2561 toto
655 2511 760 2581 opere
785 2492 1020 2562 invenimus?
1042 2519 1057 2556 α
1079 2493 1277 2563 Difficilius
1299 2498 1355 2563 est

327 2605 521 2695 imperium
534 2608 675 2696 partiri,
690 2627 800 2695 quam
816 2607 992 2698 deponere
1002 2611 1028 2678 ³.
1044 2649 1089 2660 -—
1102 2609 1353 2699 imperaturus

327 2721 500 2791 omnibus
527 2722 612 2812 eligi
639 2722 744 2793 debet
770 2743 813 2792 ex
839 2723 1048 2794 omnibus&
1080 2761 1125 2778 -
1151 2725 1353 2814 Nunquam

326 2834 498 2926 deceptus
518 2842 574 2907 est
585 2839 768 2928 princeps,
790 2838 864 2908 nisi
885 2839 948 2927 qui
962 2839 1066 2928 prius
1082 2840 1160 2930 ipse
1175 2840 1349 2931 decapite

324 2954 460 3023 —Est
492 2953 640 3023 demum
672 2974 757 3025 vera
783 2954 957 3037 felicitae,
992 2955 1162 3026 felicitate
1196 2955 1352 3046 dignum

322 3069 439 3139 videri
451 3071 477 3138 ⁶.
498 3109 543 3120 —
557 3071 734 3159 Magnum
753 3074 809 3139 θεῖ
829 3070 971 3141 differre
989 3070 1180 3156 honorem,
1195 3073 1351 3162 gloriam

322 3184 477 3273 magisl.
500 3223 546 3234 -
569 3184 726 3254 Praemia
751 3185 932 3255 bonorum
951 3187 1205 3276 malorumque
1230 3188 1349 3259 bones

321 3319 362 3368 ac
383 3300 501 3370 malos
516 3300 691 3370 faciunt⁸.
713 3303 841 3372 -Est
860 3302 1097 3392 magnificum
1122 3303 1220 3392 quod
1246 3309 1282 3375 te
1304 3305 1349 3374 ab

348 3586 443 3636 1Ραη.
461 3586 504 3640 85.
558 3579 559 3583 ’

347 3667 418 3721 ²1d.
439 3666 479 3717 86.

345 3747 417 3797 ³Id.
431 3746 458 3796 8.

345 3825 417 3876 ⁴1d.
438 3826 463 3878 7.

345 3907 418 3956 ⁵1d.
438 3905 479 3958 66.

344 3985 414 4037 ⁰Id.
436 3986 476 4036 74.

344 4065 413 4116 ⁷Id.
435 4066 476 4118 56.

343 4144 416 4195 ⁸Id,
436 4145 477 4197 44.
