3086 4970
756 520 937 591 -90..

338 664 499 754 Uterque
519 663 617 733 onim
633 662 676 734 de
700 664 819 754 patria
839 683 880 733 ao
899 663 1033 734 litteris
1055 663 1165 732 etiarn
1194 663 1251 731 est
1271 662 1364 732 bene

336 781 508 865 meritus,
538 781 686 851 diversa
705 784 828 851 tamen
855 779 1019 866 fortuna.
1049 780 1151 850 Alter
1168 779 1268 849 viam
1285 779 1366 848 lon-

336 897 475 986 giorem
495 916 535 966 ao
557 897 730 967 tutiorem
750 897 869 987 elegit,
892 900 927 965 et
941 916 1021 985 quae
1041 895 1256 985 patientiam
1275 915 1366 984 prae-

338 1013 528 1101 sentisque
559 1013 684 1102 gloriae
722 1012 883 1101 aliquem
915 1016 1165 1101 contemptum
1197 1016 1364 1100 rogaret:

337 1126 473 1198 ferebat
499 1127 731 1216 aequissime,
768 1127 867 1216 quod
896 1147 971 1196 non
997 1127 1142 1216 primus
1173 1127 1366 1196 vocaretur

317 1228 431 1313 ‘inter
451 1243 569 1312 aetatis
590 1264 667 1314 suae
696 1243 886 1314 studiosos
913 1244 1031 1331 (erant
1064 1243 1163 1312 11111
1192 1243 1257 1332 qui
1274 1263 1365 1312 non-

336 1358 462 1440 nullos
490 1359 616 1429 Tacito
634 1359 894 1449 praelerrent¹),
925 1360 989 1431 sed
1012 1383 1095 1452 κτῆμα
1116 1378 1149 1440 oe
1175 1355 1366 1430 11111111-

335 1474 411 1557 bat,
437 1494 520 1544 cum
543 1474 628 1544 illas
658 1475 836 1545 historias
861 1476 994 1561 odoret,
1016 1497 1110 1566 quas
1132 1475 1280 1545 Plinius
1300 1495 1364 1542 11-

336 1590 557 1681 gurebatur,
594 1611 659 1661 nec
695 1592 895 1675 immerito,
925 1592 1152 1662 immortales
1189 1591 1362 1660 futuras:

337 1727 449 1797 quara
476 1707 593 1778 Taciti
621 1728 728 1797 opus,
750 1708 820 1777 etsi
849 1707 944 1776 illud
963 1713 1122 1798 tempus,
1143 1709 1182 1776 in
1202 1728 1275 1797 quo
1295 1707 1366 1776 luit

338 1825 595 1913 compositum,
612 1824 846 1913 aliquantum
861 1825 900 1892 in
924 1825 1021 1913 stylo
1036 1824 1187 1908 redolet,
1210 1844 1286 1893 non
1307 1822 1365 1892 1111

339 1938 474 2008 saeculo
491 1939 626 2023 solum,
642 1939 706 2008 sed
720 1939 821 2009 omni
837 1960 913 2010 aevo
928 1939 1166 2009 scribebatur.
1183 1939 1225 2016 In
1242 1939 1365 2008 Plinio

337 2074 422 2124 uero
437 2055 544 2144 plura
563 2060 738 2145 apparent
756 2056 901 2125 dicendi
918 2057 1021 2140 111111,
1043 2076 1126 2125 cum
1146 2056 1264 2145 magis
1282 2059 1366 2124 1111-

338 2170 388 2239 tis
420 2189 496 2239 suae
529 2175 748 2260 respectum,
783 2192 894 2260 quam
924 2172 1160 2261 posteritatis
1180 2171 1364 2241 habuerit.

341 2285 535 2375 Proprium
564 2287 663 2355 enim
693 2289 749 2355 est
772 2286 987 2374 eloquentiae
1012 2287 1219 2356 arctissime
1252 2286 1363 2369 aetati,

340 2403 379 2470 11
402 2405 474 2490 qua'
492 2403 602 2492 viget,
629 2403 820 2486 1111111111,
841 2405 876 2471 11
896 2402 1031 2472 suimet
1049 2403 1169 2492 ipsius
1188 2406 1365 2490 tanquam

340 2517 433 2587 duas
453 2522 574 2607 partes
593 2517 722 2602 facere,
743 2539 900 2606 quarum
919 2519 1044 2603 altera,
1066 2520 1183 2607 major
1201 2518 1364 2607 quidem,

338 2635 493 2723 tempori
529 2635 702 2723 praesenti
732 2635 856 2703 statim
888 2634 1012 2718 datur,
1047 2634 1160 2703 altera
1194 2637 1364 2704 venturo.

338 2749 431 2833 Sed,
466 2749 636 2837 quamvis
670 2749 806 2818 caduca
843 2749 954 2819 111111
992 2749 1105 2819 Plinii
1134 2748 1362 2838 eloquentia,

337 2866 369 2934 11
392 2868 515 2934 tamen
539 2865 635 2934 hano
658 2864 806 2935 laudem
836 2865 1063 2949 tribuemus,
1093 2864 1209 2955 quod,
1235 2865 1365 2933 sinon

335 2981 432 3071 apud
457 2980 604 3049 futuros
633 2981 827 3070 scriptores
848 2981 1002 3050 eximios
1030 2980 1173 3050 fructus
1195 2979 1362 3063 ediderit,

336 3097 468 3167 saltem
483 3097 692 3186 reipublicae
708 3097 911 3166 utilissima
934 3096 1021 3180 suit,
1042 3096 1138 3166 bono
1159 3100 1192 3165 et
1207 3097 1363 3185 justitiae

334 3213 482 3297 devota,
517 3212 674 3301 denique
705 3213 856 3281 omnino
888 3212 1025 3282 civilis.
1061 3212 1098 3282 Si
1132 3232 1217 3281 eum
1239 3211 1363 3281 virum

333 3350 462 3401 vocare
482 3333 662 3399 oratorem
684 3328 821 3412 licebit,
843 3329 907 3418 qui
927 3330 1063 3419 optima
1085 3331 1120 3396 et
1138 3327 1364 3417 probissima

333 3444 573 3535 persuadeat,
609 3444 775 3513 Plinium
808 3465 984 3535 magnum
1028 3447 1208 3513 oratorem
1246 3441 1363 3512 fuisse

335 3580 442 3630 nemo
454 3560 616 3649 negabit,
635 3560 838 3629 maximum
858 3562 981 3643 etiam,
1009 3563 1051 3628 ut
1074 3559 1114 3627 11
1137 3558 1273 3627 saeculo
1298 3557 1363 3647 qui

335 3673 536 3765 perfectum
551 3675 736 3744 continere
757 3697 832 3746 non
851 3679 989 3766 posset.

377 3791 446 3861 Sed
466 3789 613 3859 facilius
636 3791 680 3860 de
696 3792 810 3862 Plinii
831 3792 1040 3881 eloquentia
1055 3790 1240 3880 judicium
1256 3789 1364 3858 11111-

331 3927 429 3992 mus,
447 3907 478 3976 si
495 3907 717 3997 posteriores
740 3912 915 3991 oratores,
939 3909 1003 3998 qui
1027 3908 1066 3977 11
1093 3905 1262 3995 sequenti
1281 3925 1363 3976 aevo

360 4166 369 4200 ¹
385 4165 437 4228 Ep.
455 4164 554 4228 111110
568 4165 636 4230 (Nec
648 4164 749 4215 desunt
763 4165 811 4228 qui
822 4164 933 4228 utrique
947 4167 1075 4214 nostrum
1086 4160 1292 4226 praeferantur),
