<?xml version="1.0" encoding="UTF-8"?>
<!DOCTYPE html PUBLIC "-//W3C//DTD XHTML 1.0 Transitional//EN"
    "http://www.w3.org/TR/xhtml1/DTD/xhtml1-transitional.dtd">
<html xmlns="http://www.w3.org/1999/xhtml" xml:lang="en" lang="en">
 <head>
  <title>
</title>
<meta http-equiv="Content-Type" content="text/html;charset=utf-8" />
  <meta name='ocr-system' content='tesseract 3.04.00' />
  <meta name='ocr-capabilities' content='ocr_page ocr_carea ocr_par ocr_line ocrx_word'/>
</head>
<body>
  <div class='ocr_page' id='page_1' title='image "./depliniiminoris00morigoog_0065.png"; bbox 0 0 3086 4970; ppageno 0'>
   <div class='ocr_carea' id='block_1_1' title="bbox 754 499 932 570">
    <p class='ocr_par' dir='ltr' id='par_1_1' title="bbox 754 499 932 570">
     <span class='ocr_line' id='line_1_1' title="bbox 754 499 932 570; baseline -0.017 -18"><span class='ocrx_word' id='word_1_1' title='bbox 754 499 932 570; x_wconf 67' lang='lat'>-54-</span> 
     </span>
    </p>
   </div>
   <div class='ocr_carea' id='block_1_2' title="bbox 328 632 1359 1196">
    <p class='ocr_par' dir='ltr' id='par_1_2' title="bbox 328 632 1359 1196">
     <span class='ocr_line' id='line_1_2' title="bbox 328 632 1358 731; baseline -0.005 -18"><span class='ocrx_word' id='word_1_2' title='bbox 328 632 465 714; x_wconf 90' lang='lat' dir='ltr'>minem</span> <span class='ocrx_word' id='word_1_3' title='bbox 484 633 723 713; x_wconf 86' lang='lat' dir='ltr'>laudandum.</span> <span class='ocrx_word' id='word_1_4' title='bbox 745 645 942 731; x_wconf 73' lang='lat' dir='ltr'>«Namque</span> <span class='ocrx_word' id='word_1_5' title='bbox 962 641 1055 710; x_wconf 86' lang='lat' dir='ltr'>alias</span> <span class='ocrx_word' id='word_1_6' title='bbox 1076 639 1200 708; x_wconf 76' lang='lat' dir='ltr'>atati&#39;s&#39;</span> <span class='ocrx_word' id='word_1_7' title='bbox 1218 637 1358 728; x_wconf 73' lang='lat' dir='ltr'>gradus</span> 
     </span>
     <span class='ocr_line' id='line_1_3' title="bbox 331 755 1357 850; baseline -0.002 -26"><span class='ocrx_word' id='word_1_8' title='bbox 331 764 631 850; x_wconf 72' lang='lat' dir='ltr'>«gestarumque</span> <span class='ocrx_word' id='word_1_9' title='bbox 661 779 781 829; x_wconf 90' lang='lat' dir='ltr'>rerum</span> <span class='ocrx_word' id='word_1_10' title='bbox 813 759 979 828; x_wconf 84' lang='lat' dir='ltr'>ordinem</span> <span class='ocrx_word' id='word_1_11' title='bbox 1011 756 1116 844; x_wconf 88' lang='lat' dir='ltr'>sequi</span> <span class='ocrx_word' id='word_1_12' title='bbox 1150 755 1357 844; x_wconf 81' lang='lat' dir='ltr'>speciosius</span> 
     </span>
     <span class='ocr_line' id='line_1_4' title="bbox 331 871 1358 966; baseline 0 -26"><span class='ocrx_word' id='word_1_13' title='bbox 331 904 345 940; x_wconf 75' lang='lat' dir='ltr'>u</span> <span class='ocrx_word' id='word_1_14' title='bbox 373 877 456 961; x_wconf 81' lang='lat' dir='ltr'>luit,</span> <span class='ocrx_word' id='word_1_15' title='bbox 476 880 518 944; x_wconf 92' lang='lat' dir='ltr'>ut</span> <span class='ocrx_word' id='word_1_16' title='bbox 537 875 574 944; x_wconf 93' lang='lat' dir='ltr'>in</span> <span class='ocrx_word' id='word_1_17' title='bbox 594 877 724 966; x_wconf 88' lang='lat' dir='ltr'>primis</span> <span class='ocrx_word' id='word_1_18' title='bbox 745 876 855 944; x_wconf 87' lang='lat' dir='ltr'>annis</span> <span class='ocrx_word' id='word_1_19' title='bbox 875 873 1088 942; x_wconf 87' lang='lat' dir='ltr'>laudaretur</span> <span class='ocrx_word' id='word_1_20' title='bbox 1102 871 1262 954; x_wconf 61' lang='lat' dir='ltr'>indoles</span> <span class='ocrx_word' id='word_1_21' title='bbox 1277 876 1358 942; x_wconf 87' lang='lat' dir='ltr'>tum</span> 
     </span>
     <span class='ocr_line' id='line_1_5' title="bbox 333 987 1358 1082; baseline 0.002 -27"><span class='ocrx_word' id='word_1_22' title='bbox 333 1021 345 1055; x_wconf 70' lang='lat' dir='ltr'>a</span> <span class='ocrx_word' id='word_1_23' title='bbox 375 992 593 1081; x_wconf 73' lang='lat' dir='ltr'>disciplina,</span> <span class='ocrx_word' id='word_1_24' title='bbox 623 995 706 1082; x_wconf 91' lang='lat' dir='ltr'>post</span> <span class='ocrx_word' id='word_1_25' title='bbox 739 991 809 1060; x_wconf 92' lang='lat' dir='ltr'>hoo</span> <span class='ocrx_word' id='word_1_26' title='bbox 842 1008 1005 1081; x_wconf 87' lang='lat' dir='ltr'>operum,</span> <span class='ocrx_word' id='word_1_27' title='bbox 1038 987 1076 1058; x_wconf 91' lang='lat' dir='ltr'>id</span> <span class='ocrx_word' id='word_1_28' title='bbox 1096 992 1152 1057; x_wconf 91' lang='lat' dir='ltr'>est</span> <span class='ocrx_word' id='word_1_29' title='bbox 1178 987 1358 1057; x_wconf 87' lang='lat' dir='ltr'>factorum</span> 
     </span>
     <span class='ocr_line' id='line_1_6' title="bbox 332 1103 1359 1196; baseline -0.004 -22"><span class='ocrx_word' id='word_1_30' title='bbox 332 1130 348 1174; x_wconf 81' lang='lat' dir='ltr'>n</span> <span class='ocrx_word' id='word_1_31' title='bbox 375 1107 627 1196; x_wconf 72' lang='lat' dir='ltr'>dictorumque</span> <span class='ocrx_word' id='word_1_32' title='bbox 651 1109 841 1176; x_wconf 83' lang='lat' dir='ltr'>contextus</span> <span class='ocrx_word' id='word_1_33' title='bbox 855 1127 864 1192; x_wconf 84' lang='lat'>3</span> <span class='ocrx_word' id='word_1_34' title='bbox 889 1105 982 1174; x_wconf 88' lang='lat' dir='ltr'>alias</span> <span class='ocrx_word' id='word_1_35' title='bbox 1007 1105 1046 1172; x_wconf 92' lang='lat' dir='ltr'>in</span> <span class='ocrx_word' id='word_1_36' title='bbox 1077 1103 1217 1193; x_wconf 90' lang='lat' dir='ltr'>species</span> <span class='ocrx_word' id='word_1_37' title='bbox 1244 1103 1359 1172; x_wconf 83' lang='lat' dir='ltr'>virtu-</span> 
     </span>
    </p>
   </div>
   <div class='ocr_carea' id='block_1_3' title="bbox 335 1207 1439 1309">
    <p class='ocr_par' dir='ltr' id='par_1_3' title="bbox 335 1207 1439 1309">
     <span class='ocr_line' id='line_1_7' title="bbox 335 1207 1439 1309; baseline 0.002 -23"><span class='ocrx_word' id='word_1_38' title='bbox 335 1253 348 1286; x_wconf 73' lang='lat'>«</span> <span class='ocrx_word' id='word_1_39' title='bbox 376 1229 455 1292; x_wconf 88' lang='lat' dir='ltr'>tum</span> <span class='ocrx_word' id='word_1_40' title='bbox 475 1223 635 1293; x_wconf 86' lang='lat' dir='ltr'>dividere</span> <span class='ocrx_word' id='word_1_41' title='bbox 654 1223 801 1292; x_wconf 87' lang='lat' dir='ltr'>laudem</span> <span class='ocrx_word' id='word_1_42' title='bbox 820 1221 1061 1304; x_wconf 84' lang='lat' dir='ltr'>fortitudinis,</span> <span class='ocrx_word' id='word_1_43' title='bbox 1080 1219 1254 1309; x_wconf 84' lang='lat' dir='ltr'>justitiae,</span> <span class='ocrx_word' id='word_1_44' title='bbox 1276 1239 1360 1288; x_wconf 58' lang='lat' dir='ltr'>cou⁴</span> <span class='ocrx_word' id='word_1_45' title='bbox 1436 1207 1439 1214; x_wconf 49' lang='lat'><strong>⁴</strong></span> 
     </span>
    </p>
   </div>
   <div class='ocr_carea' id='block_1_4' title="bbox 328 1335 1360 3858">
    <p class='ocr_par' dir='ltr' id='par_1_4' title="bbox 328 1335 1360 3858">
     <span class='ocr_line' id='line_1_8' title="bbox 335 1335 1358 1426; baseline 0 -24"><span class='ocrx_word' id='word_1_46' title='bbox 335 1339 553 1422; x_wconf 67' lang='lat' dir='ltr'>«tinentiae,</span> <span class='ocrx_word' id='word_1_47' title='bbox 576 1345 860 1426; x_wconf 88' lang='lat' dir='ltr'>ceterarumque,</span> <span class='ocrx_word' id='word_1_48' title='bbox 891 1357 932 1406; x_wconf 88' lang='lat' dir='ltr'>ac</span> <span class='ocrx_word' id='word_1_49' title='bbox 962 1335 1120 1425; x_wconf 90' lang='lat' dir='ltr'>singulis</span> <span class='ocrx_word' id='word_1_50' title='bbox 1154 1336 1358 1424; x_wconf 82' lang='lat' dir='ltr'>assignare,</span> 
     </span>
     <span class='ocr_line' id='line_1_9' title="bbox 333 1436 1356 1543; baseline -0.005 -20"><span class='ocrx_word' id='word_1_51' title='bbox 333 1479 349 1522; x_wconf 72' lang='lat' dir='ltr'>u</span> <span class='ocrx_word' id='word_1_52' title='bbox 376 1463 456 1543; x_wconf 86' lang='lat' dir='ltr'>&#39;quae</span> <span class='ocrx_word' id='word_1_53' title='bbox 474 1436 677 1523; x_wconf 83' lang='lat' dir='ltr'>secundum</span> <span class='ocrx_word' id='word_1_54' title='bbox 697 1471 879 1542; x_wconf 88' lang='lat' dir='ltr'>quamque</span> <span class='ocrx_word' id='word_1_55' title='bbox 899 1473 1025 1522; x_wconf 89' lang='lat' dir='ltr'>earum</span> <span class='ocrx_word' id='word_1_56' title='bbox 1048 1455 1151 1542; x_wconf 87' lang='lat' dir='ltr'>gesta</span> <span class='ocrx_word' id='word_1_57' title='bbox 1170 1453 1316 1520; x_wconf 90' lang='lat' dir='ltr'>erunt¹.</span> <span class='ocrx_word' id='word_1_58' title='bbox 1342 1475 1356 1510; x_wconf 66' lang='grc' dir='ltr'>ν</span> 
     </span>
     <span class='ocr_line' id='line_1_10' title="bbox 331 1566 1359 1659; baseline -0.004 -21"><span class='ocrx_word' id='word_1_59' title='bbox 331 1571 496 1651; x_wconf 89' lang='lat' dir='ltr'>Quarum</span> <span class='ocrx_word' id='word_1_60' title='bbox 521 1571 665 1639; x_wconf 85' lang='lat' dir='ltr'>viarum</span> <span class='ocrx_word' id='word_1_61' title='bbox 694 1570 806 1638; x_wconf 88' lang='lat' dir='ltr'>altera</span> <span class='ocrx_word' id='word_1_62' title='bbox 832 1570 955 1659; x_wconf 88' lang='lat' dir='ltr'>potius</span> <span class='ocrx_word' id='word_1_63' title='bbox 975 1567 1217 1638; x_wconf 81' lang='lat' dir='ltr'>historiarum</span> <span class='ocrx_word' id='word_1_64' title='bbox 1245 1566 1359 1655; x_wconf 86' lang='lat' dir='ltr'>scrip-</span> 
     </span>
     <span class='ocr_line' id='line_1_11' title="bbox 331 1681 1359 1776; baseline -0.003 -24"><span class='ocrx_word' id='word_1_65' title='bbox 331 1689 429 1754; x_wconf 87' lang='lat' dir='ltr'>tores</span> <span class='ocrx_word' id='word_1_66' title='bbox 463 1684 576 1768; x_wconf 90' lang='lat' dir='ltr'>docet,</span> <span class='ocrx_word' id='word_1_67' title='bbox 611 1684 723 1754; x_wconf 86' lang='lat' dir='ltr'>altera</span> <span class='ocrx_word' id='word_1_68' title='bbox 752 1688 926 1754; x_wconf 77' lang='lat' dir='ltr'>oratores,</span> <span class='ocrx_word' id='word_1_69' title='bbox 958 1685 1128 1776; x_wconf 79' lang='lat' dir='ltr'><strong>Attamen</strong></span> <span class='ocrx_word' id='word_1_70' title='bbox 1166 1681 1359 1770; x_wconf 80' lang='lat' dir='ltr'>Euagoran</span> 
     </span>
     <span class='ocr_line' id='line_1_12' title="bbox 330 1798 1360 1882; baseline -0.001 -13"><span class='ocrx_word' id='word_1_71' title='bbox 330 1801 509 1869; x_wconf 88' lang='lat' dir='ltr'>Isocrates</span> <span class='ocrx_word' id='word_1_72' title='bbox 530 1799 707 1868; x_wconf 88' lang='lat' dir='ltr'>factorum</span> <span class='ocrx_word' id='word_1_73' title='bbox 728 1801 1070 1870; x_wconf 77' lang='lat' dir='ltr'>commemoratione</span> <span class='ocrx_word' id='word_1_74' title='bbox 1087 1798 1264 1882; x_wconf 87' lang='lat' dir='ltr'>laudavit.</span> <span class='ocrx_word' id='word_1_75' title='bbox 1286 1798 1360 1868; x_wconf 78' lang='lat' dir='ltr'>llu-</span> 
     </span>
     <span class='ocr_line' id='line_1_13' title="bbox 330 1915 1358 2005; baseline 0 -21"><span class='ocrx_word' id='word_1_76' title='bbox 330 1920 481 2005; x_wconf 88' lang='lat' dir='ltr'>gustum</span> <span class='ocrx_word' id='word_1_77' title='bbox 495 1919 619 1985; x_wconf 92' lang='lat' dir='ltr'>contra</span> <span class='ocrx_word' id='word_1_78' title='bbox 633 1917 844 1999; x_wconf 65' lang='lat' dir='ltr'>Suetonius</span> <span class='ocrx_word' id='word_1_79' title='bbox 855 1937 929 1985; x_wconf 95' lang='lat' dir='ltr'>non</span> <span class='ocrx_word' id='word_1_80' title='bbox 943 1937 985 1984; x_wconf 85' lang='lat' dir='ltr'>ex</span> <span class='ocrx_word' id='word_1_81' title='bbox 998 1915 1124 1984; x_wconf 90' lang='lat' dir='ltr'>ordine</span> <span class='ocrx_word' id='word_1_82' title='bbox 1137 1918 1358 2003; x_wconf 85' lang='lat' dir='ltr'>temporum,</span> 
     </span>
     <span class='ocr_line' id='line_1_14' title="bbox 331 2030 1359 2122; baseline -0.002 -20"><span class='ocrx_word' id='word_1_83' title='bbox 331 2032 396 2102; x_wconf 88' lang='lat' dir='ltr'>sed</span> <span class='ocrx_word' id='word_1_84' title='bbox 409 2033 639 2121; x_wconf 90' lang='lat' dir='ltr'>singularum</span> <span class='ocrx_word' id='word_1_85' title='bbox 649 2033 826 2101; x_wconf 86' lang='lat' dir='ltr'>virtutum</span> <span class='ocrx_word' id='word_1_86' title='bbox 836 2033 1093 2122; x_wconf 84' lang='lat' dir='ltr'>recognitione3</span> <span class='ocrx_word' id='word_1_87' title='bbox 1109 2030 1240 2118; x_wconf 87' lang='lat' dir='ltr'>(simili</span> <span class='ocrx_word' id='word_1_88' title='bbox 1250 2031 1359 2100; x_wconf 92' lang='lat' dir='ltr'>modo</span> 
     </span>
     <span class='ocr_line' id='line_1_15' title="bbox 330 2143 1360 2238; baseline -0.002 -20"><span class='ocrx_word' id='word_1_89' title='bbox 330 2149 546 2238; x_wconf 86' lang='lat' dir='ltr'>Pompeium</span> <span class='ocrx_word' id='word_1_90' title='bbox 557 2147 706 2217; x_wconf 87' lang='lat' dir='ltr'>Tullius</span> <span class='ocrx_word' id='word_1_91' title='bbox 722 2149 760 2217; x_wconf 90' lang='lat' dir='ltr'>in</span> <span class='ocrx_word' id='word_1_92' title='bbox 774 2147 856 2218; x_wconf 80' lang='lat' dir='ltr'>Pro</span> <span class='ocrx_word' id='word_1_93' title='bbox 873 2143 948 2235; x_wconf 74' lang='lat' dir='ltr'>lege</span> <span class='ocrx_word' id='word_1_94' title='bbox 962 2148 1141 2229; x_wconf 83' lang='lat' dir='ltr'>Munilia,</span> <span class='ocrx_word' id='word_1_95' title='bbox 1156 2147 1360 2216; x_wconf 81' lang='lat' dir='ltr'>Condaeum</span> 
     </span>
     <span class='ocr_line' id='line_1_16' title="bbox 331 2263 1359 2352; baseline -0.001 -19"><span class='ocrx_word' id='word_1_96' title='bbox 331 2264 550 2334; x_wconf 88' lang='lat' dir='ltr'>Bossuetius</span> <span class='ocrx_word' id='word_1_97' title='bbox 567 2265 605 2332; x_wconf 95' lang='lat' dir='ltr'>in</span> <span class='ocrx_word' id='word_1_98' title='bbox 619 2263 764 2334; x_wconf 86' lang='lat' dir='ltr'>funebri</span> <span class='ocrx_word' id='word_1_99' title='bbox 777 2265 938 2334; x_wconf 86' lang='lat' dir='ltr'>oratione</span> <span class='ocrx_word' id='word_1_100' title='bbox 955 2263 1206 2352; x_wconf 85' lang='lat' dir='ltr'>celebravere).</span> <span class='ocrx_word' id='word_1_101' title='bbox 1230 2264 1359 2334; x_wconf 91' lang='lat' dir='ltr'>Utram</span> 
     </span>
     <span class='ocr_line' id='line_1_17' title="bbox 328 2378 1357 2467; baseline -0.002 -17"><span class='ocrx_word' id='word_1_102' title='bbox 328 2381 427 2450; x_wconf 82' lang='lat' dir='ltr'>viam</span> <span class='ocrx_word' id='word_1_103' title='bbox 454 2380 602 2450; x_wconf 86' lang='lat' dir='ltr'>Plinius</span> <span class='ocrx_word' id='word_1_104' title='bbox 623 2381 733 2450; x_wconf 85' lang='lat' dir='ltr'>luerit</span> <span class='ocrx_word' id='word_1_105' title='bbox 752 2385 959 2465; x_wconf 76' lang='lat' dir='ltr'>exsecutae,</span> <span class='ocrx_word' id='word_1_106' title='bbox 977 2378 1122 2449; x_wconf 89' lang='lat' dir='ltr'>difficile</span> <span class='ocrx_word' id='word_1_107' title='bbox 1142 2383 1198 2449; x_wconf 88' lang='lat' dir='ltr'>est</span> <span class='ocrx_word' id='word_1_108' title='bbox 1217 2379 1357 2467; x_wconf 85' lang='lat' dir='ltr'>dicere;</span> 
     </span>
     <span class='ocr_line' id='line_1_18' title="bbox 330 2496 1360 2586; baseline 0.001 -22"><span class='ocrx_word' id='word_1_109' title='bbox 330 2517 416 2565; x_wconf 87' lang='lat' dir='ltr'>nam</span> <span class='ocrx_word' id='word_1_110' title='bbox 436 2501 642 2585; x_wconf 88' lang='lat' dir='ltr'>utramque,</span> <span class='ocrx_word' id='word_1_111' title='bbox 659 2497 779 2586; x_wconf 88' lang='lat' dir='ltr'>quoad</span> <span class='ocrx_word' id='word_1_112' title='bbox 799 2497 929 2586; x_wconf 89' lang='lat' dir='ltr'>potuit,</span> <span class='ocrx_word' id='word_1_113' title='bbox 951 2496 1155 2586; x_wconf 84' lang='lat' dir='ltr'>usurpavit.</span> <span class='ocrx_word' id='word_1_114' title='bbox 1178 2496 1273 2565; x_wconf 87' lang='lat' dir='ltr'>Cum</span> <span class='ocrx_word' id='word_1_115' title='bbox 1287 2496 1360 2566; x_wconf 89' lang='lat' dir='ltr'>sihi</span> 
     </span>
     <span class='ocr_line' id='line_1_19' title="bbox 329 2611 1360 2701; baseline 0.002 -22"><span class='ocrx_word' id='word_1_116' title='bbox 329 2613 560 2700; x_wconf 81' lang='lat' dir='ltr'>proposuerit</span> <span class='ocrx_word' id='word_1_117' title='bbox 601 2612 802 2701; x_wconf 89' lang='lat' dir='ltr'>prinoipem</span> <span class='ocrx_word' id='word_1_118' title='bbox 844 2612 1016 2695; x_wconf 89' lang='lat' dir='ltr'>laudare,</span> <span class='ocrx_word' id='word_1_119' title='bbox 1068 2631 1143 2681; x_wconf 92' lang='lat' dir='ltr'>non</span> <span class='ocrx_word' id='word_1_120' title='bbox 1180 2611 1360 2701; x_wconf 87' lang='lat' dir='ltr'>principis</span> 
     </span>
     <span class='ocr_line' id='line_1_20' title="bbox 330 2725 1357 2816; baseline 0.002 -22"><span class='ocrx_word' id='word_1_121' title='bbox 330 2725 423 2795; x_wconf 87' lang='lat' dir='ltr'>facta</span> <span class='ocrx_word' id='word_1_122' title='bbox 442 2727 469 2810; x_wconf 78' lang='lat'>¹,</span> <span class='ocrx_word' id='word_1_123' title='bbox 491 2731 695 2816; x_wconf 87' lang='lat' dir='ltr'>temporum</span> <span class='ocrx_word' id='word_1_124' title='bbox 715 2727 880 2796; x_wconf 88' lang='lat' dir='ltr'>ordinem</span> <span class='ocrx_word' id='word_1_125' title='bbox 907 2727 1101 2816; x_wconf 80' lang='lat' dir='ltr'>negligere,</span> <span class='ocrx_word' id='word_1_126' title='bbox 1129 2731 1170 2795; x_wconf 92' lang='lat' dir='ltr'>ut</span> <span class='ocrx_word' id='word_1_127' title='bbox 1199 2726 1357 2811; x_wconf 90' lang='lat' dir='ltr'>videtur,</span> 
     </span>
     <span class='ocr_line' id='line_1_21' title="bbox 330 2843 1360 2931; baseline 0.002 -20"><span class='ocrx_word' id='word_1_128' title='bbox 330 2843 520 2931; x_wconf 87' lang='lat' dir='ltr'>solamque</span> <span class='ocrx_word' id='word_1_129' title='bbox 539 2844 718 2912; x_wconf 85' lang='lat' dir='ltr'>virtutum</span> <span class='ocrx_word' id='word_1_130' title='bbox 738 2843 1049 2913; x_wconf 81' lang='lat' dir='ltr'>enumerationem</span> <span class='ocrx_word' id='word_1_131' title='bbox 1068 2843 1183 2912; x_wconf 89' lang='lat' dir='ltr'>facere</span> <span class='ocrx_word' id='word_1_132' title='bbox 1211 2843 1360 2913; x_wconf 85' lang='lat' dir='ltr'>debuis-</span> 
     </span>
     <span class='ocr_line' id='line_1_22' title="bbox 331 2957 1359 3048; baseline -0.001 -20"><span class='ocrx_word' id='word_1_133' title='bbox 331 2963 411 3029; x_wconf 85' lang='lat' dir='ltr'>set:</span> <span class='ocrx_word' id='word_1_134' title='bbox 432 2958 495 3028; x_wconf 91' lang='lat' dir='ltr'>sed</span> <span class='ocrx_word' id='word_1_135' title='bbox 515 2958 678 3042; x_wconf 87' lang='lat' dir='ltr'>timebat,</span> <span class='ocrx_word' id='word_1_136' title='bbox 696 2979 741 3028; x_wconf 94' lang='lat' dir='ltr'>ne</span> <span class='ocrx_word' id='word_1_137' title='bbox 762 2960 876 3028; x_wconf 88' lang='lat' dir='ltr'>oratio</span> <span class='ocrx_word' id='word_1_138' title='bbox 902 2957 1046 3048; x_wconf 87' lang='lat' dir='ltr'>longior</span> <span class='ocrx_word' id='word_1_139' title='bbox 1071 2958 1273 3042; x_wconf 87' lang='lat' dir='ltr'>videretur,</span> <span class='ocrx_word' id='word_1_140' title='bbox 1289 2963 1292 2968; x_wconf 86' lang='lat'>&#39;</span> <span class='ocrx_word' id='word_1_141' title='bbox 1307 2963 1359 3028; x_wconf 87' lang='lat' dir='ltr'>at-</span> 
     </span>
     <span class='ocr_line' id='line_1_23' title="bbox 330 3072 1359 3165; baseline 0 -20"><span class='ocrx_word' id='word_1_142' title='bbox 330 3096 399 3165; x_wconf 91' lang='lat' dir='ltr'>que</span> <span class='ocrx_word' id='word_1_143' title='bbox 425 3095 499 3144; x_wconf 92' lang='lat' dir='ltr'>uno</span> <span class='ocrx_word' id='word_1_144' title='bbox 528 3078 651 3144; x_wconf 90' lang='lat' dir='ltr'>tenore</span> <span class='ocrx_word' id='word_1_145' title='bbox 680 3074 857 3144; x_wconf 74' lang='lat' dir='ltr'>lucidandi</span> <span class='ocrx_word' id='word_1_146' title='bbox 876 3072 1026 3144; x_wconf 86' lang='lat' dir='ltr'>taedium</span> <span class='ocrx_word' id='word_1_147' title='bbox 1051 3075 1206 3144; x_wconf 82' lang='lat' dir='ltr'>afferret.</span> <span class='ocrx_word' id='word_1_148' title='bbox 1231 3075 1359 3165; x_wconf 88' lang='lat' dir='ltr'>Itaque</span> 
     </span>
     <span class='ocr_line' id='line_1_24' title="bbox 330 3190 1359 3278; baseline 0.002 -18"><span class='ocrx_word' id='word_1_149' title='bbox 330 3192 488 3260; x_wconf 75' lang='lat' dir='ltr'>materiae</span> <span class='ocrx_word' id='word_1_150' title='bbox 515 3190 678 3278; x_wconf 86' lang='lat' dir='ltr'>aliquam</span> <span class='ocrx_word' id='word_1_151' title='bbox 706 3191 916 3260; x_wconf 86' lang='lat' dir='ltr'>varietatem</span> <span class='ocrx_word' id='word_1_152' title='bbox 944 3190 1073 3259; x_wconf 91' lang='lat' dir='ltr'>callide</span> <span class='ocrx_word' id='word_1_153' title='bbox 1103 3191 1253 3275; x_wconf 84' lang='lat' dir='ltr'>infudit,</span> <span class='ocrx_word' id='word_1_154' title='bbox 1284 3213 1359 3277; x_wconf 63' lang='lat' dir='ltr'>am7</span> 
     </span>
     <span class='ocr_line' id='line_1_25' title="bbox 330 3297 1357 3396; baseline 0 -20"><span class='ocrx_word' id='word_1_155' title='bbox 330 3297 469 3394; x_wconf 80' lang='lat' dir='ltr'>hosque</span> <span class='ocrx_word' id='word_1_156' title='bbox 490 3299 619 3376; x_wconf 88' lang='lat' dir='ltr'>modos</span> <span class='ocrx_word' id='word_1_157' title='bbox 639 3306 1040 3396; x_wconf 82' lang='lat' dir='ltr'>miscuit.Temporum</span> <span class='ocrx_word' id='word_1_158' title='bbox 1061 3307 1193 3376; x_wconf 85' lang='lat' dir='ltr'>seriem</span> <span class='ocrx_word' id='word_1_159' title='bbox 1220 3311 1357 3392; x_wconf 87' lang='lat' dir='ltr'>tuetur,</span> 
     </span>
     <span class='ocr_line' id='line_1_26' title="bbox 331 3422 1358 3518; baseline 0.004 -28"><span class='ocrx_word' id='word_1_160' title='bbox 331 3444 404 3491; x_wconf 92' lang='lat' dir='ltr'>non</span> <span class='ocrx_word' id='word_1_161' title='bbox 432 3422 519 3518; x_wconf 83' lang='lat' dir='ltr'>adeo</span> <span class='ocrx_word' id='word_1_162' title='bbox 547 3427 667 3492; x_wconf 85' lang='lat' dir='ltr'>tamen</span> <span class='ocrx_word' id='word_1_163' title='bbox 695 3427 735 3491; x_wconf 90' lang='lat' dir='ltr'>ut</span> <span class='ocrx_word' id='word_1_164' title='bbox 767 3423 1031 3512; x_wconf 88' lang='lat' dir='ltr'>Panegyricum</span> <span class='ocrx_word' id='word_1_165' title='bbox 1053 3423 1097 3491; x_wconf 90' lang='lat' dir='ltr'>ab</span> <span class='ocrx_word' id='word_1_166' title='bbox 1120 3424 1358 3494; x_wconf 85' lang='lat' dir='ltr'>incunabulis</span> 
     </span>
     <span class='ocr_line' id='line_1_27' title="bbox 330 3538 1359 3628; baseline 0.004 -22"><span class='ocrx_word' id='word_1_167' title='bbox 330 3539 478 3626; x_wconf 87' lang='lat' dir='ltr'>Trajani</span> <span class='ocrx_word' id='word_1_168' title='bbox 495 3538 670 3621; x_wconf 83' lang='lat' dir='ltr'>ordiatur,</span> <span class='ocrx_word' id='word_1_169' title='bbox 689 3539 752 3608; x_wconf 88' lang='lat' dir='ltr'>sed</span> <span class='ocrx_word' id='word_1_170' title='bbox 774 3539 974 3627; x_wconf 88' lang='lat' dir='ltr'>principem</span> <span class='ocrx_word' id='word_1_171' title='bbox 990 3539 1034 3608; x_wconf 91' lang='lat' dir='ltr'>ab</span> <span class='ocrx_word' id='word_1_172' title='bbox 1051 3539 1116 3607; x_wconf 90' lang='lat' dir='ltr'>illa</span> <span class='ocrx_word' id='word_1_173' title='bbox 1135 3538 1299 3628; x_wconf 89' lang='lat' dir='ltr'>die,·qua</span> <span class='ocrx_word' id='word_1_174' title='bbox 1313 3541 1359 3612; x_wconf 84' lang='lat' dir='ltr'>ad</span> 
     </span>
     <span class='ocr_line' id='line_1_28' title="bbox 330 3654 1360 3744; baseline 0.002 -21"><span class='ocrx_word' id='word_1_175' title='bbox 330 3654 526 3724; x_wconf 84' lang='lat' dir='ltr'>exercitum</span> <span class='ocrx_word' id='word_1_176' title='bbox 558 3655 741 3742; x_wconf 82' lang='lat' dir='ltr'>profectus</span> <span class='ocrx_word' id='word_1_177' title='bbox 764 3657 831 3737; x_wconf 89' lang='lat' dir='ltr'>est,</span> <span class='ocrx_word' id='word_1_178' title='bbox 863 3655 1030 3742; x_wconf 85' lang='lat' dir='ltr'>sequitur</span> <span class='ocrx_word' id='word_1_179' title='bbox 1064 3675 1182 3744; x_wconf 89' lang='lat' dir='ltr'>usque</span> <span class='ocrx_word' id='word_1_180' title='bbox 1216 3657 1261 3725; x_wconf 89' lang='lat' dir='ltr'>ad</span> <span class='ocrx_word' id='word_1_181' title='bbox 1291 3661 1360 3726; x_wconf 88' lang='lat' dir='ltr'>ter-</span> 
     </span>
     <span class='ocr_line' id='line_1_29' title="bbox 329 3769 1358 3858; baseline 0.005 -19"><span class='ocrx_word' id='word_1_182' title='bbox 329 3771 421 3840; x_wconf 89' lang='lat' dir='ltr'>tium</span> <span class='ocrx_word' id='word_1_183' title='bbox 454 3769 560 3838; x_wconf 94' lang='lat' dir='ltr'>illum</span> <span class='ocrx_word' id='word_1_184' title='bbox 592 3770 825 3840; x_wconf 89' lang='lat' dir='ltr'>consulatum</span> <span class='ocrx_word' id='word_1_185' title='bbox 856 3790 964 3858; x_wconf 88' lang='lat' dir='ltr'>quem</span> <span class='ocrx_word' id='word_1_186' title='bbox 1003 3792 1099 3840; x_wconf 90' lang='lat' dir='ltr'>anno</span> <span class='ocrx_word' id='word_1_187' title='bbox 1131 3773 1195 3841; x_wconf 81' lang='lat'>100</span> <span class='ocrx_word' id='word_1_188' title='bbox 1225 3771 1358 3846; x_wconf 88' lang='lat' dir='ltr'>inivit:</span> 
     </span>
    </p>
   </div>
   <div class='ocr_carea' id='block_1_5' title="bbox 360 4049 740 4180">
    <p class='ocr_par' dir='ltr' id='par_1_5' title="bbox 360 4049 740 4180">
     <span class='ocr_line' id='line_1_30' title="bbox 361 4049 740 4105; baseline 0 -7"><span class='ocrx_word' id='word_1_189' title='bbox 361 4050 368 4082; x_wconf 91' lang='lat'>¹</span> <span class='ocrx_word' id='word_1_190' title='bbox 386 4049 456 4098; x_wconf 78' lang='lat' dir='ltr'>lust.</span> <span class='ocrx_word' id='word_1_191' title='bbox 476 4050 552 4101; x_wconf 81' lang='lat' dir='ltr'>Oret.</span> <span class='ocrx_word' id='word_1_192' title='bbox 572 4051 615 4104; x_wconf 83' lang='lat' dir='ltr'>lll.</span> <span class='ocrx_word' id='word_1_193' title='bbox 628 4062 677 4105; x_wconf 82' lang='lat' dir='ltr'>vn.</span> <span class='ocrx_word' id='word_1_194' title='bbox 698 4051 740 4099; x_wconf 76' lang='lat'>15.</span> 
     </span>
     <span class='ocr_line' id='line_1_31' title="bbox 360 4129 516 4180; baseline 0.019 -3"><span class='ocrx_word' id='word_1_195' title='bbox 360 4129 370 4162; x_wconf 83' lang='lat'><strong>²</strong></span> <span class='ocrx_word' id='word_1_196' title='bbox 390 4129 457 4178; x_wconf 80' lang='lat' dir='ltr'>Pon.</span> <span class='ocrx_word' id='word_1_197' title='bbox 476 4129 516 4180; x_wconf 76' lang='lat' dir='ltr'>cu.</span> 
     </span>
    </p>
   </div>
   <div class='ocr_carea' id='block_1_6' title="bbox 0 0 1548 4970">
    <p class='ocr_par' dir='ltr' id='par_1_6' title="bbox 0 0 1548 4970">
     <span class='ocr_line' id='line_1_32' title="bbox 0 0 1548 4970; baseline 0 0"><span class='ocrx_word' id='word_1_198' title='bbox 0 0 1548 4970; x_wconf 95' lang='lat' dir='ltr'> </span> 
     </span>
    </p>
   </div>
  </div>
 </body>
</html>
