3086 4970
599 523 777 593 ..91-

180 661 395 747 floruerunt,
416 663 746 736 considerabimus.
769 663 913 746 Quibus
936 683 1023 733 sane
1042 661 1205 752 praeiere-

179 800 264 850 rnus
280 786 449 852 nostrum
469 781 648 865 Plinium,
663 781 727 871 qui
739 780 856 850 multo
869 780 1021 871 propius
1037 784 1093 849 est
1107 779 1207 850 Cica-

178 915 265 966 rone
301 900 335 966 et
368 897 610 981 Quintiliano,
642 897 832 986 multoque
865 896 1025 966 acutiore
1058 896 1206 986 ingenio

177 1012 375 1102 praeditus:
390 1013 468 1098 sed,
483 1014 591 1104 (jura,
604 1033 651 1084 an
664 1013 846 1085 immerito
856 1015 883 1102 i)
895 1013 1065 1103 princeps
1078 1012 1207 1083 haberi

176 1132 296 1218 potest
315 1131 482 1199 omnium
508 1129 658 1202 illorum
685 1130 762 1218 qui,
792 1133 900 1220 prout
927 1127 1138 1219 respublica
1166 1127 1206 1198 in

176 1245 283 1333 pejus
297 1244 501 1332 labebatur,
519 1246 766 1335 eloquentiam
788 1245 900 1316 simul
917 1244 1204 1329 inclinaverunt,

177 1347 400 1452 omninoque
412 1363 578 1453 pristina
599 1367 738 1433 naturae
753 1362 976 1432 dissimilem
995 1359 1204 1433 effecerunt.

179 1479 227 1550 Ut
253 1499 370 1548 unum
388 1479 537 1569 quidem
561 1479 767 1569 exemplum
790 1479 951 1561 afferam,
971 1477 1011 1546 in
1022 1478 1206 1547 Frontone

177 1595 295 1663 mulla
324 1597 560 1685 agnoscimus
595 1615 675 1685 quae
707 1615 776 1665 nos
806 1596 883 1684 jam
910 1594 1008 1684 apud
1041 1592 1205 1664 Plinium

178 1709 435 1801 instrospicere
446 1732 661 1802 possumus.
678 1710 834 1796 Scilicet,
847 1710 1017 1800 quamvis
1030 1709 1206 1780 siccitatis

177 1827 340 1917 plerique
362 1829 584 1898 Frontonem
605 1828 805 1918 arguerint,
823 1827 894 1897 boc
907 1827 1065 1896 maxime
1081 1827 1120 1895 in
1140 1825 1206 1896 illo

176 1944 499 2033 reprehendamus,
516 1945 614 2034 qnod
633 1948 668 2014 et
684 1948 825 2014 veteres
850 1944 901 2012 ita
922 1942 1103 2013 serviliter
1126 1941 1207 2014 imi-

176 2065 287 2145 tatur,
308 2064 449 2131 uivere
469 2061 702 2150 antiquarius
724 2061 784 2144 sit,
813 2063 847 2129 et
867 2058 981 2130 simul
1005 2059 1057 2127 ita
1081 2058 1208 2147 depra-

176 2181 259 2246 vato
276 2177 416 2265 judicio
438 2177 567 2261 utitur,
593 2180 635 2246 ut
664 2177 844 2266 imagines
864 2178 898 2244 at
917 2193 1046 2244 omnes
1067 2173 1205 2263 figuras

176 2295 215 2363 in
238 2294 399 2364 oratione
414 2313 480 2383 pro
501 2294 675 2363 sensibus
696 2293 902 2362 adhibeat¹.
924 2292 1056 2362 Nonne
1078 2289 1205 2359 eadem

142 2445 144 2450 ·
177 2409 216 2477 in
244 2407 379 2492 Plinio,
400 2412 475 2478 tam
495 2408 662 2499 diligenti
681 2409 887 2478 Atticorum
911 2410 1099 2476 oratorum
1122 2404 1204 2474 imi-

174 2528 289 2594 tatore
309 2528 457 2614 tamque
472 2525 603 2594 florida
626 2528 661 2594 et
679 2524 863 2616 exquisita
881 2523 1084 2605 affectante,
1106 2541 1206 2612 repe·

176 2640 318 2708 rimus?
339 2639 445 2721 Quod
471 2641 619 2730 signum
643 2644 700 2710 est
722 2639 882 2710 labentis
905 2642 940 2708 et
962 2637 1205 2708 decrescentia

177 2756 408 2845 eloquentiae,
421 2777 505 2825 cum
516 2777 617 2846 paene
630 2760 706 2826 tota
717 2757 756 2827 in
767 2755 1012 2825 imitationem
1027 2753 1203 2843 coniugit3

178 2893 263 2941 nam
275 2877 368 2957 tum,
382 2893 467 2942 cum
477 2874 634 2942 maxime
645 2873 824 2956 imitatur,
836 2870 1054 2961 longissime
1069 2869 1115 2938 ab
1128 2868 1206 2938 illis

179 2987 465 3082 exemplaribus,
486 3007 571 3078 quae
592 2988 664 3058 sibi
683 2988 866 3078 proponit,
884 2986 1052 3056 discedit.

223 3104 328 3185 Quod
350 3105 382 3174 si
396 3124 471 3174 non
487 3105 564 3195 jam
584 3096 789 3174 secundum
810 3102 989 3173 saeculum
1006 3100 1071 3172 sed
1085 3105 1206 3191 poste·

176 3220 256 3290 rius
286 3241 405 3290 aevum
435 3219 674 3304 intuebimur,
701 3219 838 3289 clarius
860 3217 1060 3308 apparebit,
1092 3237 1206 3306 quan-

176 3342 256 3404 tum
287 3339 516 3404 momentum
540 3335 712 3405 habuerit
732 3334 795 3404 ille
823 3333 1074 3424 Panegyricus
1095 3351 1205 3422 quam

176 3451 323 3520 Plinius
340 3451 499 3542 Trajano
520 3450 670 3521 dixerat.
683 3451 704 3520 J
708 3471 753 3520 us
774 3450 873 3521 enim
887 3450 1072 3540 privatum
1086 3449 1206 3539 publi-

176 3587 332 3656 cumque
347 3568 398 3637 ita
416 3567 595 3658 paulatim
621 3588 703 3638 sese
716 3567 832 3636 variis
854 3565 1063 3636 rationibus
1084 3565 1206 3654 impli-

176 3687 312 3767 cuerat,
328 3687 368 3752 ut
384 3704 458 3753 non
468 3684 546 3774 jam
561 3684 639 3754 fieri
651 3688 778 3775 posset
791 3687 832 3752 ut
844 3683 942 3754 idem
955 3684 1067 3753 homo
1082 3683 1204 3752 rheto-

175 3799 259 3868 ricae
276 3802 311 3868 et
321 3799 418 3888 juris
429 3800 682 3889 peritissimus
695 3800 882 3870 evaderet:
897 3799 1021 3891 itaque
1038 3799 1206 3889 sejuncta

178 3914 342 3999 fuerunt,
359 3935 440 4005 quae
452 3905 573 3986 adhuc
585 3916 682 4005 apud
694 3916 860 3986 Plinium
873 3915 1203 4004 conjungebantur3

209 4155 217 4190 ¹
235 4155 273 4208 Cf.
290 4155 359 4208 Droz
377 4156 431 4221 (op,
446 4157 516 4221 cit).
