3086 4970
574 518 619 528 -
642 481 685 550 25
707 518 752 528 ..

149 621 317 691 Ceterum·
346 621 384 690 in
399 622 490 690 ‹hsc
508 621 663 704 Firmini
686 641 817 690 causa
831 619 994 690 Plinium
1028 623 1172 694 constat

148 756 223 805 non
243 736 394 806 dixisse.
485 757 487 768 ·
812 747 814 750 ’
1168 831 1172 838 .

148 905 152 910 .
178 852 329 922 Eodem
344 871 526 942 annoque
547 845 688 924 Marius
709 852 861 921 Priscus
878 852 947 921 fuit
962 853 1172 936 damnatae,

148 967 295 1036 Plinius
307 968 609 1038 illustremillum
623 969 889 1058 Panegyricum
905 968 1047 1052 habuit,
1064 988 1173 1057 quem

147 1083 298 1154 unicum
325 1105 342 1154 e
362 1085 491 1155 ceteris
509 1086 600 1174 ejus
626 1085 795 1154 oratoriis
819 1084 990 1174 operibus
1020 1084 1174 1154 retinui·

146 1217 245 1283 mus,
271 1199 368 1270 etde
388 1221 461 1290 quo
481 1200 597 1290 plura¹
616 1200 712 1269 infra
742 1199 874 1269 dicam.
900 1201 969 1270 Hio
997 1200 1172 1290 temporis

145 1318 291 1384 tantum
302 1335 343 1384 ac
357 1316 428 1385 loci
438 1317 532 1386 ratio
546 1315 795 1386 est-habenda.
809 1315 967 1405 Optimis
982 1335 1173 1405 argumen-

144 1429 437 1514 tisconfirmavit
452 1433 521 1502 Th.
543 1434 749 1502 Mommsen
770 1431 936 1501 Plinium
951 1431 1068 1502 luisse
1085 1451 1168 1504 cum

145 1546 308 1617 Cornuto
339 1548 502 1618 Tertullo
530 1549 719 1618 consulem
740 1549 973 1638 designatum
993 1569 1094 1618 anno
1107 1549 1172 1619 100

144 1683 243 1732 none
262 1663 319 1733 die
339 1664 486 1734 mensis
497 1664 671 1752 januarii,
693 1668 733 1732 ut
760 1684 840 1732 mos
861 1667 949 1732 erat.
971 1663 1057 1754 Haeo
1078 1662 1172 1733 desi-

143 1779 267 1867 gnatio
288 1800 430 1870 semper
457 1781 619 1851 incuria
644 1781 776 1866 fiebat3
805 1801 891 1850 nam
919 1780 1103 1870 princepe,
1131 1783 1172 1853 ut

41 1957 43 1960 .
144 1895 305 1986 antiquae
325 1896 505 1966 libertatis
534 1897 672 1986 species
703 1901 920 1980 servaretur,
942 1897 1172 1968 commenda·

114 2010 216 2079 'bat-
229 2011 337 2080 modo
365 2012 578 2081 candidatos
609 2033 711 2096 suoS,
731 2013 853 2104 iisque
874 2013 1171 2102 suffragationem

143 2125 269 2214 ‹labat3
293 2132 444 2212 senatus
464 2131 599 2212 autem,
615 2134 792 2218 tanquam
808 2130 867 2198 sui
877 2129 1007 2218 judicii
1023 2149 1170 2220 compos

142 2241 290 2325 fnisset,
312 2242 458 2312 eosdem
479 2242 714 2333 designabat3
737 2245 776 2314 in
800 2245 864 2313 illa
895 2244 953 2314 die
972 2245 1058 2314 noui
1088 2263 1171 2316 con·

143 2358 245 2428 sules
284 2358 342 2446 (de
374 2359 578 2449 designatis
613 2359 757 2452 loquor)
788 2361 988 2451 principem
1019 2359 1170 2430 laudare

142 2473 323 2557 solebant,
357 2480 597 2565 senatumque
627 2497 753 2566 rogare
782 2480 824 2544 ut
853 2477 938 2547 novi
958 2477 1117 2546 honores
1138 2477 1169 2546 ei

141 2589 433 2660 decernerentur.
470 2592 617 2661 Plinius
652 2597 790 2676 contra,
819 2593 1000 2681 quamvis
1038 2593 1169 2663 consul

141 2705 369 2795 designatus
389 2708 514 2791 tacuit,
531 2712 572 2776 ut
589 2707 647 2778 vel
664 2708 820 2797 speciem
840 2707 1065 2778 adulationis
1082 2708 1169 2780 effu-

139 2826 260 2910 geret;
283 2826 345 2889 aut
361 2822 491 2892 saltem
507 2824 593 2910 (non
613 2824 711 2893 enirn
738 2824 771 2892 is
793 2827 869 2892 erat
884 2824 947 2911 qui
963 2823 1113 2894 omnino
1129 2825 1168 2894 in

138 2937 203 3006 teli
239 2943 399 3026 tempore
431 2943 578 3029 taceret)
612 2941 842 3030 apertissime
877 2941 1069 3030 exposuit,
1104 2959 1169 3010 cur

139 3073 255 3124 novos
273 3056 432 3124 honores
449 3055 603 3145 principi
619 3055 866 3125 decernendos
888 3076 969 3125 esse
992 3076 1065 3124 non
1088 3075 1169 3126 cen-

140 3174 248 3254 seret,
283 3171 536 3261 ne·Optimus
570 3172 631 3241 ille
665 3173 849 3242 Maximus
879 3193 962 3241 cum
993 3171 1167 3263 pessimis

139 3285 364 3370 Caesaribus
387 3288 450 3376 qui
470 3288 682 3358 avidissime
702 3290 795 3359 istos
811 3290 969 3359 honores
986 3293 1167 3379 exspecta·
1220 3322 1222 3326 ·

137 3397 246 3483 hant*
260 3403 461 3491 comparari
480 3407 606 3493 posset
623 3423 631 3474 :
654 3404 879 3492 exquisitum
894 3403 1042 3491 quidem
1058 3409 1166 3492 atque

139 3515 348 3586 inauditum
364 3518 588 3587 adulationis
608 3524 745 3608 genus!
769 3521 851 3589 Non
867 3520 980 3608 igitur
1002 3518 1047 3588 ad
1063 3519 1166 3588 illam

137 3629 231 3700 diem
249 3633 498 3723 Panegyricus
513 3636 567 3720 (ut
578 3635 702 3725 plures
719 3635 895 3724 lecerunt)
909 3635 1035 3705 referri
1047 3635 1164 3719 debet,

138 3749 328 3834 nequead
360 3739 646 3820 renuntiationis
669 3756 829 3840 tempus
852 3770 932 3838 quae
953 3750 1167 3840 paulopost

137 3861 426 3952 designationem
457 3866 496 3934 in
524 3887 650 3956 campo
682 3868 803 3949 siebat,
825 3887 907 3935 eum
933 3866 1164 3934 comitiorum

135 3977 229 4048 falso
249 3985 437 4076 apparatu,
460 4003 545 4051 uoce
566 3984 745 4066 consulis,
777 3983 840 4071 qui
867 3987 955 4050 tuno
980 3982 1163 4070 Trajanus

137 4099 224 4173 erat,
244 4104 328 4164 cum
350 4089 554 4170 Plinius'au
565 4079 758 4170 Tertullus
779 4099 927 4168 fuemrnt
948 4098 1160 4167 renuntiati.
