3086 4970
785 421 963 490 .-84-

363 535 611 650 eloquentiam
636 583 657 630 a
684 562 930 652 praesentibus
963 563 1139 652 periculis
1175 564 1387 649 detenderit,

363 678 567 762 ostendere,
583 678 694 748 timeo
715 699 760 748 ne
785 677 875 747 forte
895 698 979 768 erga
998 679 1179 769 optimum
1206 681 1388 751 eumdem-

363 815 433 884 que
459 795 783 865 studiosississum
794 795 916 864 virum
934 795 1093 866 severior
1113 795 1231 866 fuisse
1251 797 1386 869 videar.

362 913 489 1000 Neque
504 912 602 980 enim
616 910 717 981 volui
728 910 771 980 de
791 909 1007 980 melioribus
1028 915 1137 1000 atque
1154 912 1264 982 etiam
1278 933 1387 1003 praes·

363 1028 588 1098 tentissimis
618 1027 803 1097 Plinianae
829 1026 1046 1116 eloquentiae
1073 1028 1241 1118 partibus
1273 1029 1386 1100 disse-

364 1164 457 1228 rere,
479 1164 596 1234 neque
614 1142 726 1212 simul
741 1142 832 1212 satis
846 1162 994 1231 aequum
1005 1142 1132 1231 judico
1151 1143 1222 1212 bas
1239 1143 1386 1214 omnino

359 1260 644 1347 praetermittere.
673 1259 813 1347 Nempe
842 1256 991 1326 Plinius
1018 1277 1144 1328 revera
1167 1258 1298 1328 melior
1319 1259 1386 1328 for-

358 1378 458 1444 tasse
479 1379 599 1444 orator
617 1373 700 1457 fuit,
723 1393 834 1462 quam
852 1372 1011 1472 videtur,
1031 1373 1264 1462 peJoremque
1285 1373 1328 1444 de
1348 1395 1384 1444 se

359 1490 640 1560 aestimationem
670 1489 781 1573 dedit,
803 1509 886 1558 curn
911 1489 1006 1558 nihil
1036 1490 1145 1559 nobis
1175 1489 1250 1559 nisi
1273 1490 1384 1560 Pane-

355 1607 522 1695 gyricum
537 1605 698 1694 reliquit.
720 1605 787 1674 Vel
801 1605 839 1673 in
860 1605 1041 1694 epistolis,
1058 1605 1123 1674 nbi
1137 1609 1212 1676 tam
1226 1607 1381 1692 diversa,

356 1726 464 1810 atque
488 1723 597 1792 etiam
622 1726 698 1790 tam
721 1721 903 1791 contraria
918 1720 961 1791 de
978 1720 1186 1812 eloquentia
1205 1728 1383 1815 praecepta

355 1838 580 1923 invenimus,
598 1838 735 1929 saepius
751 1837 889 1927 optima
908 1837 1065 1906 consilia
1088 1837 1151 1908 dat
1167 1839 1379 1929 juvenibus

351 1974 506 2044 vereque
532 1958 671 2024 oratore
705 1953 828 2044 digna.
865 1953 923 2023 Sic
953 1954 1126 2023 admonet
1154 1954 1380 2036 Quadratum

353 2090 464 2139 suum
488 2075 522 2139 et
546 2070 707 2139 multum
730 2069 848 2158 legat,
875 2073 909 2137 et
934 2068 1083 2154 scribat,
1106 2074 1140 2139 et
1172 2070 1378 2155 meditetur,

352 2189 394 2254 ut
419 2186 551 2276 possit,
587 2206 671 2255 cum
703 2183 813 2267 volet,
848 2183 983 2270 dicere;
1005 2183 1177 2254 admonet
1196 2185 1307 2257 etiam
1326 2186 1379 2256 ni-

352 2302 464 2371 miam
492 2302 705 2371 facilitatem
734 2300 904 2389 effugiat,
942 2321 1023 2390 quae
1058 2322 1101 2370 611
1140 2301 1379 2390 frequentiori

348 2439 421 2487 usu
448 2421 691 2507 comparatur,
724 2421 832 2504 atque
866 2416 1112 2504 eloquentiam
1146 2438 1316 2488 enervem
1347 2422 1380 2488 61

348 2533 531 2603 elumbem
573 2533 692 2602 reddit
709 2553 719 2620 3
769 2536 877 2620 atque
918 2531 1043 2621 adjicit
1075 2552 1083 2602 :
1130 2561 1143 2595 a
1179 2533 1377 2603 Commode

346 2650 486 2739 agendo
528 2649 665 2718 tactum
711 2651 786 2732 est,
835 2652 877 2716 ut
918 2668 1015 2738 saepe
1063 2669 1207 2738 agerem
1224 2670 1234 2736 ;
1283 2671 1377 2740 saepe

345 2765 505 2855 agendo,
539 2769 581 2834 nt
618 2764 744 2834 minus
781 2764 982 2833 commode
1024 2786 1041 2831 i)
1078 2764 1377 2835 Prudentissima

344 2880 493 2971 quidem
510 2880 604 2964 baec,
626 2879 827 2968 multisque
847 2878 951 2949 illius
966 2881 1143 2969 temporis
1164 2881 1373 2950 oratoribus

342 2996 591 3086 proponenda,
617 2996 681 3085 qui
711 2994 776 3063 illa
809 2999 884 3065 arte
913 2994 1059 3064 dicendi
1091 3015 1189 3085 saepe
1224 2994 1374 3064 fuerunt

342 3112 463 3182 abusi.
485 3111 675 3182 Interdum
700 3116 734 3180 et
756 3131 840 3181 cum
866 3111 1039 3180 audentia
1062 3116 1097 3181 et
1117 3111 1317 3181 tumidiora
1335 3111 1374 3180 in

339 3229 501 3300 oratione
523 3228 703 3310 laudaret,
725 3248 800 3297 non
821 3227 901 3296 sine
928 3231 1052 3297 tamen
1081 3227 1242 3316 quodam
1270 3246 1372 3297 scru-

339 3345 427 3434 pulo
455 3344 642 3428 laudabat,
663 3342 891 3431 addebatque
913 3364 921 3413 :
947 3371 962 3407 a
989 3342 1059 3413 Sed
1087 3364 1180 3433 opus
1208 3346 1264 3412 est
1292 3363 1373 3411 exa-

337 3461 435 3530 mine
455 3465 489 3530 61
511 3460 619 3545 libra,
639 3459 870 3530 incredibilia
895 3460 970 3528 sint
1001 3460 1083 3529 baec
1113 3464 1147 3528 et
1178 3459 1369 3542 immania,

322 3599 385 3647 an
405 3577 599 3668 magnifica
617 3581 652 3647 et
667 3576 877 3662 coelestia;¹
902 3603 916 3638 i
939 3575 1195 3663 fatebaturque
1214 3574 1368 3645 modum

336 3693 532 3784 quemdam
552 3713 634 3762 esse
653 3693 692 3761 in
707 3692 832 3762 rebus.
849 3692 965 3761 Immo
981 3712 1027 3761 ne
1052 3691 1108 3760 illi
1129 3691 1276 3760 crimini
1290 3711 1369 3761 ver-

334 3813 473 3895 tamus,
493 3809 592 3899 quod
613 3813 690 3879 tam
710 3809 840 3879 acriter
856 3827 945 3877 suos
966 3807 1105 3877 amicos
1125 3806 1173 3876 ad
1193 3805 1369 3875 imitatio-

334 3947 417 3995 nem
444 3930 609 3996 veterum
636 3925 826 3996 incitavit:
849 3945 935 3992 nam
957 3944 1040 3992 cum
1055 3923 1129 3992 huc
1155 3923 1366 3993 devenisset

364 4110 373 4144 ¹
390 4111 445 4174 up.
460 4111 506 4176 m,
521 4112 563 4165 nc.
