3086 4970
754 461 799 472 ..
822 423 863 492 qq
887 463 932 472 -

328 565 714 654 1111118193-9611111111
734 565 848 636 Plinii
868 566 978 649 faura,
1001 586 1111 655 seque
1131 564 1264 655 palam,
1281 582 1356 633 non

329 683 409 753 siue
430 663 587 771 quadam
616 682 782 767 audacia,
811 683 939 752 effudit
963 683 1041 767 illa,
1073 682 1116 753 de
1141 703 1214 770 qua
1239 681 1355 750 disse·

328 799 460 882 rimuS,
477 798 696 886 eloquentia.
714 801 821 870 Anno
835 801 934 870 enim
953 801 997 870 93
1016 798 1131 888 vergit
1145 799 1184 866 in
1201 798 1355 868 scelesta

327 914 489 984 facinora
504 913 752 998 Domitianus,
774 915 838 1002 qui
858 919 966 984 antea
987 913 1154 984 noudum
1174 914 1354 1002 cujusque

327 1031 414 1100 boni
434 1035 469 1100 et
486 1031 634 1101 honesti
654 1031 780 1101 odium
795 1031 1065 1121 profitebatur¹.
1084 1031 1183 1100 Tum
1207 1028 1355 1098 Plinius

327 1148 546 1234 praeturam,
581 1145 627 1214 ad
660 1166 769 1234 quam
801 1147 959 1216 Caesaris
1007 1145 1109 1216 lavor
1147 1146 1351 1224 vocaverat,

328 1259 457 1331 inibat.
480 1260 636 1330 Difficile
663 1265 739 1330 erat
764 1266 798 1331 et
818 1262 978 1332 Caesaris
1011 1259 1287 1342 benevolentiae,
1317 1263 1355 1326 et

327 1376 668 1447 illustrissimorum
683 1377 860 1461 virorum,
873 1377 1011 1448 Caesari
1027 1376 1247 1459 invisorum,
1266 1373 1355 1444 ami-

328 1491 425 1562 citiis
442 1492 675 1562 satisfacere:
698 1492 737 1561 in
755 1494 825 1564 hoc
844 1498 967 1564 tamen
992 1513 1112 1563 novus
1135 1494 1268 1580 praetor
1297 1493 1354 1560 est

330 1606 475 1691 enixus,
492 1627 604 1696 seque
629 1613 762 1679 extem
782 1609 1061 1681 imminentibus
1080 1606 1254 1697 periculis
1278 1605 1357 1674 feli·

330 1723 418 1794 citer
450 1723 643 1816 expedivit.
683 1725 828 1794 Scilicet
861 1725 967 1795 initio
1008 1725 1097 1794 anni
1130 1721 1197 1796 932
1231 1721 1355 1792 Baetici

331 1841 452 1927 questi
485 1844 574 1910 sunt
600 1839 698 1930 apud
728 1846 897 1910 senatum
917 1840 960 1910 de
986 1837 1205 1930 proconsule
1233 1838 1355 1908 Baebio

328 1957 481 2040 Massa,
516 1955 686 2046 deditque
730 1960 882 2026 senatus
921 1955 1115 2026 advocatos
1160 1954 1355 2044 provinciae

331 2073 559 2144 Herennium
573 2073 806 2143 Senecionem
823 2093 863 2144 ac
878 2072 1054 2144 Plinium.
1070 2072 1216 2142 Baebius
1231 2073 1357 2141 Massa

331 2188 471 2260 delator
490 2194 579 2274 erat,
596 2189 762 2260 omnium
787 2189 1056 2279 nequissimus,
1073 2188 1231 2263 Neronis
1250 2188 1358 2258 liber-

330 2310 406 2390 tus,
432 2306 642 2376 Domitiano
663 2310 846 2395 acceptus,
867 2307 1010 2376 cunctis
1034 2305 1260 2376 timendus³.
1287 2304 1357 2374 Sed

328 2420 492 2509 jusserat
526 2425 699 2505 senatus,
735 2439 957 2509 causamque
999 2421 1245 2511 periculosius
1282 2423 1358 2488 erat

332 2535 528 2606 detrectare
548 2557 658 2625 quam
672 2538 870 2626 suscipere.
888 2538 971 2626 Egit
986 2537 1098 2626 igitur
1114 2536 1261 2606 Plinius
1274 2556 1358 2625 pru-

332 2651 480 2736 denter,
515 2672 588 2722 non
619 2657 742 2723 tamen
772 2654 850 2724 sine
883 2653 1042 2742 quadam
1068 2652 1246 2724 libertate.
1275 2650 1358 2740 Egit

308 2847 312 2854 ,
332 2789 416 2838 cum
431 2769 640 2852 Senecione,
654 2769 732 2858 jam
751 2774 830 2839 tum
853 2769 990 2840 Caesari
1012 2769 1147 2852 inviso,
1178 2768 1358 2856 amboque

362 2988 372 3021 ¹
388 2986 461 3036 Pon.
479 2985 521 3036 95.

362 3067 373 3101 ⁹
389 3066 460 3116 Nam
472 3067 501 3115 in
515 3066 641 3130 Apricola
650 3067 734 3119 Taciti
750 3067 818 3131 (cap.
834 3068 874 3132 45)
891 3067 1010 3132 legimus
1031 3066 1187 3130 Agricolam
1207 3067 1358 3131 (mortuum
1413 3089 1415 3094 v

332 3147 424 3198 sextili
437 3161 534 3198 mense
548 3148 613 3197 anni
632 3147 672 3212 93)
686 3149 790 3199 vidisse
802 3149 860 3212 jam
875 3163 955 3199 reum
966 3148 1092 3199 Baebium
1105 3148 1239 3212 Massam
1253 3146 1360 3214 Plinius

331 3234 426 3279 autem
447 3229 475 3278 in
496 3227 640 3279 tribunatu
661 3229 726 3292 (quc
743 3231 864 3281 excessit
884 3230 900 3280 9
920 3231 981 3282 dec.
1006 3229 1047 3292 92)
1066 3243 1097 3280 se
1121 3231 1226 3280 nullam
1246 3243 1360 3280 causam

332 3308 425 3370 egisse
439 3308 517 3358 dixit.
531 3308 618 3372 Igitur
633 3309 711 3359 initio
726 3310 791 3359 anni
805 3309 838 3360 93
848 3324 964 3360 necesse
978 3314 1020 3360 est
1034 3309 1121 3358 Baebii
1132 3309 1231 3360 Massae
1245 3322 1360 3359 eausam

331 3389 485 3451 assignare,
500 3402 573 3452 quae,
598 3389 627 3438 in
648 3388 763 3452 longum
778 3391 923 3453 producta,
940 3405 995 3442 non
1013 3396 1078 3442 ente
1099 3392 1212 3443 ultimos
1232 3389 1360 3452 ejusdem

331 3468 396 3520 anni
409 3481 521 3518 menses
535 3465 657 3532 judicata
671 3475 723 3520 est.

362 3548 374 3582 ³
389 3547 430 3600 cf.
449 3548 611 3599 iuvenalem
625 3550 647 3609 1,
659 3549 691 3600 35

599 3659 672 3708 Quem
685 3660 761 3702 Massa
777 3659 852 3712 timet,
867 3671 935 3714 quem
951 3671 1045 3704 munere
1057 3661 1134 3715 palpat

545 3729 653 3774 Carus...

364 3832 404 3885 Gi.
423 3845 534 3896 quoque
546 3835 607 3883 scol.
623 3833 745 3886 Juvenal.
762 3851 774 3884 c
790 3836 881 3888 Massa
893 3837 982 3888 morio
994 3838 1081 3888 luisse
1095 3837 1204 3896 dicitur,
1227 3839 1255 3888 et
1273 3835 1360 3888 Carus

331 3925 422 3962 nanus
427 3948 496 3965 .....
515 3912 543 3962 hi
554 3927 651 3964 omnes
663 3913 782 3966 Neronis
796 3916 908 3966 luerunt
926 3917 1059 3969 liberti...
1077 3917 1126 3967 sed
1147 3920 1174 3966 et
1197 3915 1361 3979 nequissimi

331 3991 477 4042 delatores.
498 4021 528 4029 -
550 3993 588 4044 Cf.
610 3995 694 4048 etiam
709 3995 767 4048 Sid.
790 3997 878 4060 Apoll.
906 3997 966 4061 (Ep.
983 3997 1011 4056 V,
1028 3996 1063 4061 7).
1083 4024 1110 4032 —
1131 3996 1256 4046 Tacitum
1278 3995 1358 4060 (Hist.

330 4071 373 4136 1v,
388 4071 455 4123 50-
468 4073 559 4138 Acria.
571 4075 619 4140 45).
1305 4106 1309 4120 .
