3086 4970
769 490 948 558 ...46-

348 632 484 701 mentis
512 629 664 714 fulcire,
697 651 780 700 cum
801 617 920 700 orator
951 652 1026 700 non
1051 631 1202 701 dubiam
1225 651 1374 700 causam

350 752 483 837 ageret,
503 751 722 836 tantumque
754 747 899 816 animos
934 746 1060 816 docere
1088 769 1129 816 ac
1153 747 1374 837 permulcere

348 865 470 948 vellet,
493 864 556 933 sed
581 885 624 932 ex
643 864 783 954 integro
804 868 971 948 tractare,
993 865 1201 954 promiscue
1223 865 1373 951 sineque

348 979 426 1050 ullo
438 980 592 1050 delectu.
608 981 650 1049 In
670 982 739 1050 hoc
753 985 898 1050 tantum
914 981 1035 1050 Plinio
1052 981 1263 1049 enitendum
1285 983 1372 1063 erat,

347 1102 389 1166 ut
408 1118 535 1167 omnes
565 1098 734 1180 virtutes,
761 1107 858 1185 'quas
890 1098 1046 1187 perfecto
1067 1097 1224 1187 principi
1251 1098 1373 1166 inesse

348 1235 473 1284 secum
503 1215 665 1303 fingeret,
695 1215 764 1282 has
796 1214 955 1302 Trajano
990 1220 1069 1304 apte
1096 1215 1313 1284 transferret
1342 1218 1373 1281 et

347 1330 648 1414 accommodaret,
679 1336 713 1400 et
737 1336 913 1420 praeterea
943 1332 981 1399 in
1016 1331 1189 1400 omnibus
1223 1331 1373 1419 Trajani

347 1447 454 1517 lactis
474 1447 654 1536 dictisque
683 1447 833 1516 illarum
857 1448 1036 1517 virtutum
1057 1448 1217 1516 fructum
1241 1453 1373 1535 retege-

346 1568 473 1648 11111
504 1565 612 1652 quasi
639 1564 856 1634 enuclearet.
888 1565 930 1633 In
961 1565 1031 1634 hoc
1063 1564 1372 1653 1111111111-

345 1684 468 1751 torum
501 1685 608 1768 atquc
643 1681 862 1762 Quintiliani
897 1681 1103 1770 discipulus
1135 1681 1247 1749 nimis
1281 1679 1371 1748 forte

346 1796 527 1866 excelluit.

389 1913 606 1982 Scholastici
639 1913 817 1982 docebant
850 1914 888 1983 in
920 1915 1045 1982 causis
1076 1913 1255 1982 utendum
1290 1933 1371 1982 esse

345 2029 572 2119 argumentis
593 2033 692 2097 extra
712 2049 862 2098 causam
882 2030 1027 2119 petitis,
1050 2029 1272 2117 omninoque
1295 2049 1373 2097 ora-

343 2145 435 2215 toris
451 2145 596 2235 ingenio
612 2146 838 2234 excogitatis,
855 2146 1010 2215 modoet
1030 2166 1212 2235 personae,
1230 2151 1264 2214 et
1276 2146 1369 2228 loco,

344 2265 379 2332 11
397 2263 550 2352 tempori
572 2267 825 2351 congruerent,
843 2262 1126 2351 credibilemque
1142 2263 1321 2331 rationem
1338 2267 1371 2330 et

343 2378 509 2448 ordinem
544 2377 756 2446 haherent¹.
799 2378 945 2447 Licebat
982 2399 1110 2468 nempe
1143 2378 1277 2448 oratori
1309 2378 1369 2447 his

343 2497 621 2578 coimitatores
649 2515 724 2563 111
744 2495 824 2564 dico
852 2516 1001 2584 negare,
1033 2495 1096 2564 sed
1125 2494 1367 2584 interpretari,

342 2611 543 2693 veritatem,
565 2611 740 2680 nordico
761 2611 926 2696 obruere,
954 2611 1017 2681 sed
1036 2611 1156 2682 velare
1177 2632 1217 2680 ao
1237 2611 1365 2680 fucari.

343 2723 479 2798 Mirum
501 2727 640 2795 scilicet
660 2727 949 2797 instrumentum
969 2729 1006 2796 11
1033 2728 1218 2816 quaslibet
1237 2747 1368 2796 causas

342 2842 516 2934 agendas,
531 2847 638 2932 atque
655 2845 763 2913 etiam
778 2845 818 2913 in
831 2845 1100 2914 mentiendum!
1121 2847 1204 2915 Non
1221 2844 1369 2932 quidem

341 2959 466 3050 magni
481 2960 586 3048 pretii
604 2964 680 3029 erat
694 2960 732 3028 11
749 2961 973 3050 Panegyrico
994 2962 1048 3029 uti
1069 2961 1268 3045 coloribus,
1285 2981 1368 3029 cum

342 3075 484 3146 nullius
504 3077 556 3144 rei
581 3077 668 3160 vita,
689 3077 747 3146 vel
767 3077 918 3146 libertas
940 3081 1130 3166 ageretur:
1153 3078 1275 3165 itaque
1297 3077 1369 3146 Pli-

343 3193 444 3276 nius,
465 3193 798 3282 virprobissimus,
825 3193 993 3282 idemque
1021 3194 1164 3262 dicendi
1191 3193 1369 3283 peritissi-

342 3327 440 3392 mus,
463 3329 524 3378 eas
544 3309 584 3376 in
609 3309 771 3378 oratione
798 3309 969 3379 adhibere
997 3309 1146 3378 minime
1174 3309 1366 3379 dubitavit.

342 3423 538 3512 Oportebat
568 3425 679 3507 euim,
710 3425 966 3514 quodcumque
1001 3425 1131 3495 fecerat
1164 3427 1366 3514 TrajanuS,

341 3540 597 3630 quodcumque
614 3540 668 3608 illi
685 3541 814 3625 inerat,
836 3542 874 3609 11
890 3542 1039 3610 landem
1057 3547 1195 3611 1111111
1213 3561 1221 3611 :
1240 3541 1368 3610 facilli-

340 3675 444 3725 mum
458 3655 606 3746 quidem
622 3661 710 3740 erat,
722 3678 805 3726 oum
820 3658 863 3727 de
879 3658 1042 3728 victoriis
1053 3652 1111 3729 vel
1126 3659 1168 3728 de
1181 3659 1368 3748 spectatis·

342 3769 449 3842 simis
470 3771 550 3862 ejus
570 3773 771 3843 virtutibus
787 3775 998 3862 loqueretur
1017 3780 1157 3861 orator;
1181 3774 1367 3844 difficilius

370 4047 436 4097 ¹De
455 4045 595 4100 coloribus
619 4048 653 4098 cl.
677 4047 885 4106 Quintilianum.
908 4051 976 4100 lact.
997 4050 1074 4100 Orat.
1094 4048 1139 4112 IV,
1161 4048 1185 4112 2,
1210 4049 1241 4100 88
1255 4063 1316 4113 sqq.
1341 4053 1368 4100 et

340 4137 461 4191 passim.
