3086 4970
610 491 788 562 ..63-

183 635 329 718 dentur,
358 633 455 722 quod
483 633 636 716 niteant,
665 632 763 722 quod
793 631 1082 720 frequententur,
1112 633 1210 723 quod

183 750 383 840 aliquando
411 750 588 839 coeperint
615 769 696 818 esse
725 747 866 818 domini
896 747 1079 822 scientis¹.
1102 771 1119 816 1)
1142 750 1211 821 Sed

183 866 323 956 poetico
344 865 464 936 colore
490 864 692 954 praesertim
719 863 822 932 illam
846 862 890 931 de
916 864 1069 954 AEgypto
1094 884 1211 953 egres-

184 983 327 1052 sionem
359 979 532 1070 perfudit.
564 978 661 1060 Quid
688 993 813 1048 revera
836 979 1008 1062 evenerit,
1031 979 1136 1048 facile
1157 984 1212 1053 est

185 1096 417 1186 simplicibus
445 1095 568 1167 verbis
600 1095 742 1164 dicere:
772 1095 969 1184 AEgyptus,
1004 1116 1088 1166 cum
1121 1096 1211 1176 forte

184 1213 346 1286 siccitate
372 1212 588 1293 exaruisset,
615 1231 689 1279 non
717 1209 838 1279 solum
862 1231 937 1280 non
964 1232 1124 1280 romanae
1149 1233 1212 1282 an-

177 1350 289 1400 nonae
312 1328 544 1410 subvenerat,
567 1325 631 1398 sed
651 1329 684 1395 et
703 1326 748 1396 ab
765 1327 875 1411 Urbe,
896 1347 1007 1414 quam
1022 1328 1129 1398 toties
1145 1349 1212 1398 nu-

182 1446 349 1528 triverat,
384 1443 569 1533 quoddam
597 1441 877 1513 frumentarium
905 1443 1084 1514 auxilium
1116 1453 1212 1514 adoe-

183 1565 296 1651 perat.
326 1559 395 1632 Sed
423 1561 506 1644 hoc,
534 1561 567 1630 si
597 1581 672 1634 nori
700 1559 791 1642 111111
815 1560 1019 1648 ingeniosis
1047 1561 1212 1632 artificiis

179 1677 331 1748 -Plinius
356 1676 629 1761 adornavisset‚
662 1695 793 1766 parum
828 1675 1029 1772 placuisset
1059 1677 1212 1749 eruditis

183 1793 289 1878 viris,
318 1813 415 1882 quos.
440 1793 487 1862 ad
510 1791 718 1884 probandas
746 1792 961 1881 Panegyrici
987 1813 1138 1864 veneres
1158 1814 1213 1866 ar·

184 1909 411 1980 cassiverat:
442 1909 564 1997 itaque
598 1908 751 1978 eximias
784 1907 895 1997 dapes
928 1908 1094 1980 delicatis
1128 1911 1212 1981 istis

184 2025 384 2115 apparavit.
405 2026 602 2114 AEgyptum
621 2024 959 2113 Nilumque,.velut
978 2025 1071 2096 duas
1091 2047 1213 2116 perso.-

184 2141 405 2226 restinxit:
422 2141 534 2216 immo
547 2140 690 2224 vivunt,
703 2143 737 2210 et
754 2141 931 2221 sentiunt,
945 2142 1210 2230 etloquuntur:

183 2257 335 2328 videsne
361 2257 465 2326 illam
491 2256 685 2346 superbam
709 2257 927 2346 AEgyptum,
960 2277 1041 2347 quae
1071 2259 1213 2332 tamdiu

181 2402 202 2437 ,1
229 2373 373 2443 alendis
393 2371 646 2462 augendisque
667 2372 873 2442 seminibus
900 2373 959 2450 111,
969 2374 1124 2463 gloriata
1142 2380 1212 2460 est,

182 2493 226 2560 ut
252 2488 348 2560 nihil
379 2489 561 2558 imbribus
605 2488 768 2577 coeloque
803 2488 976 2560 deberet?
984 2541 1086 2559 .....
1126 2491 1214 2562 Haeo

184 2605 335 2694 inopina
374 2605 535 2676 siccitate
570 2623 688 2692 usque
722 2603 768 2673 ad
799 2604 975 2693 injuriam
1008 2607 1213 2688 sterilitatis

185 2721 345 2804 exaruit,
373 2720 460 2808 quia
489 2721 591 2810 piger
622 2719 733 2790 Nilus
759 2724 972 2790 cunctanter
1001 2722 1103 2794 alveo
1134 2743 1214 2796 sese

184 2853 226 2909 ac
241 2835 414 2924 languide
434 2835 611 2905 extulerat
618 2886 714 2901 .....
748 2834 913 2904 Pudebat
934 2837 1137 2908 sterilitatis
1160 2840 1214 2908 in-

184 2950 322 3034 solitae,
357 2971 423 3020 neo
451 2951 577 3022 minus
605 2950 841 3020 erubescebat
873 2951 968 3022 fame
1000 2973 1110 3040 quarn
1143 2959 1214 3024 tor-

185 3066 366 3154 quebatur
373 3117 470 3136 .....
498 3068 652 3136 Frustra
666 3071 746 3135 tum
762 3067 891 3136 nubila
907 3069 1044 3156 optavit
1066 3068 1215 3140 coelum·

185 3201 256 3270 que
284 3182 499 3272 respexit...
544 3209 557 3244 v
595 3181 688 3250 Dein
717 3182 844 3251 irridet
882 3183 976 3252 hano
1010 3185 1213 3272 regionem,

185 3318 270 3387 quae
288 3326 302 3362 1
321 3299 374 3367 sic
393 3319 499 3389 opem
515 3298 675 3368 Caesaris
695 3299 890 3382 invocavit,
905 3303 946 3367 ut
962 3298 1055 3369 solet
1070 3319 1215 3372 amnem

185 3434 387 3483 suum....,
428 3413 666 3504 Superbiebat
695 3417 849 3484 ventosa
886 3418 920 3482 et
953 3415 1120 3485 insolens
1153 3437 1216 3490 na·

183 3529 296 3598 tio...
320 3528 518 3599 »Tandem
537 3530 690 3618 AEgypto
710 3529 869 3617 Niloque
891 3549 1021 3618 parum
1041 3551 1215 3620 generose

184 3645 362 3729 insultat,
399 3665 475 3716 non
512 3645 592 3716 sine
626 3645 784 3735 quadam
821 3644 979 3717 ridicula
1012 3647 1212 3735 jactantia:

187 3760 356 3831 «Discat
386 3762 565 3850 AEgyptus
604 3779 679 3830 non
713 3759 886 3830 alimenta
921 3783 959 3832 se
993 3763 1119 3847 nobis,
1151 3764 1214 3833 sed

182 3877 320 3947 tributa
335 3882 521 3967 prestare,
540 3877 632 3946 soiat
649 3898 687 3946 se
708 3898 781 3946 non
802 3899 883 3948 esse
905 3878 1041 3969 populo'
1062 3885 1214 3950 romano

213 4134 223 4169 ¹
239 4128 312 4184 Pau.
327 4131 371 4186 50.
430 4105 434 4114 ν
