3086 4970
757 465 935 536 „00-

329 623 446 679 errem
459 605 707 677 inveniemus,
733 607 793 677 Sic
807 627 892 678 cum
918 607 962 678 da
981 607 1175 700 adoptione
1202 606 1352 695 Trajani

330 723 451 813 agitur
481 743 490 793 :
525 745 542 790 a
568 722 634 792 Ille
657 723 725 793 tihi
745 725 941 814 imperium
966 724 1079 809 dedit,
1101 728 1142 793 tu
1162 723 1217 793 illi
1235 722 1353 794 reddi·

329 839 417 910 disti
425 889 522 908 .....
560 839 839 910 Communicato
873 841 1025 931 imperio
1067 839 1259 910 sollicitior
1289 843 1351 922 tn,

328 955 392 1025 ille
418 955 581 1026 securior
608 955 727 1026 factus
756 961 813 1026 661
814 1003 883 1026 .....
916 957 1118 1047 Suscepisti
1145 955 1352 1045 imperium,

328 1076 525 1162 postquam
555 1071 669 1140 alium
707 1073 868 1162 suscepti
899 1073 1182 1162 poenitehat.....
1211 1071 1352 1160 Dignus

329 1187 421 1257 alter
445 1187 544 1278 eligi,
566 1189 658 1258 alter
687 1188 835 1278 eligere¹
841 1241 910 1258 .....
932 1191 1052 1260 Nerva
1071 1189 1139 1258 tihi
1161 1193 1291 1270 terras,
1318 1190 1353 1256 te

328 1304 436 1372 terris
455 1303 604 1392 reliquit
616 1305 642 1371 ².
664 1325 682 1370 a
705 1303 837 1374 Omnia
865 1305 944 1374 hac
972 1304 1155 1393 simplicia
1182 1302 1353 1391 nudaque

330 1420 422 1488 satis
437 1419 763 1503 intellexissemus,
790 1440 871 1508 quaa
900 1419 1024 1489 inutili
1048 1422 1260 1489 ornamento
1281 1417 1354 1488 Pli-

330 1536 417 1604 nius
436 1535 597 1620 vestivit,
618 1556 691 1624 quo
710 1537 828 1626 magis
856 1536 1050 1625 placerent.
1071 1521 1181 1605 Alias*
1200 1534 1355 1604 antithe-

328 1655 394 1720 ton
410 1652 542 1720 nonin
564 1651 660 1741 stylo
685 1651 806 1736 modo,
828 1651 893 1721 sed
919 1655 953 1721 61
977 1653 1017 1721 in
1033 1652 1114 1741 ipsa
1138 1651 1353 1741 cogitatione

330 1765 482 1854 insidet3
508 1771 572 1836 aut
585 1766 709 1857 potius
730 1767 886 1857 scriptor
906 1767 1052 1838 videtur
1069 1767 1151 1837 ideo
1171 1767 1355 1836 subtiliter

330 1882 567 1971 excogitasse,
584 1886 625 1950 ut
638 1882 882 1952 turbaveritis
902 1882 1069 1952 inaudita
1087 1882 1354 1973 comparatione

330 2002 536 2087 opponeret.
570 1998 796 2088 Quapropter
827 1998 1046 2088 implicitum
1077 2003 1355 2087 contortumque

331 2134 483 2184 sensum
508 2114 570 2184 vix
594 2135 637 2183 ex
656 2114 721 2182 illa
738 2115 934 2184 verborum
957 2113 1149 2186 collisione
1169 2115 1354 2184 extrahere

328 2249 544 2319 possumus.
567 2254 585 2297 a
606 2232 689 2300 Non
702 2229 783 2300 ideo
801 2231 936 2301 vicisse
947 2231 1085 2302 videris
1100 2235 1142 2300 nt
1152 2232 1355 2321 triumpha-

328 2366 410 2430 res,
449 2345 514 2415 sed
549 2347 775 2436 triumphare
807 2347 895 2436 quia
925 2348 1088 2418 vicisti³.
1119 2387 1165 2397 —
1193 2347 1353 2418 Multum

330 2465 386 2530 est
410 2461 508 2549 quod
532 2463 791 2552 perseverasti,
820 2462 906 2553 plus
931 2468 1055 2533 tamen
1083 2463 1181 2553 quod
1204 2485 1278 2534 non
1309 2464 1354 2533 ti-

329 2577 458 2645 muisti
482 2598 528 2646 ne
557 2598 786 2666 perseverare
809 2599 885 2649 non
913 2599 1044 2669 posses
1054 2581 1080 2648 ⁴.
1104 2580 1227 2650 —Ad
1255 2581 1354 2670 prin-

329 2691 489 2780 cipatum
527 2691 702 2781 obsequio
736 2695 954 2784 pervenisti,
984 2695 1152 2785 nihilque
1181 2696 1300 2786 magis
1333 2716 1354 2764 a

329 2809 363 2875 te
388 2805 542 2895 sthecti
570 2809 692 2878 animo
720 2809 951 2893 factumest,
985 2830 1096 2899 quam
1116 2810 1214 2899 quod
1243 2811 1355 2900 impe-

328 2943 407 2993 rare
437 2923 620 3013 coepisti⁵.
655 2963 701 2974 -
735 2926 981 3010 Hostes.....,
1012 2926 1112 3016 leges
1147 2933 1187 2996 ut
1218 2928 1354 3016 accipe·

327 3043 425 3122 rent,
453 3038 621 3109 dabantt.
651 3080 696 3090 —
719 3041 796 3112 Soli
820 3043 989 3111 omnium
1011 3043 1162 3132 contigit
1184 3043 1273 3126 tihi,
1312 3046 1354 3111 ut

327 3158 429 3242 pater
441 3155 565 3245 patriae
585 3175 688 3226 esses
705 3159 901 3246 antequam
916 3157 1054 3228 1161661.
1067 3197 1114 3208 -
1126 3158 1201 3227 Alii
1221 3178 1353 3228 consu·

327 3269 444 3340 latum
477 3277 674 3361 antequam
700 3273 923 3363 acciperent,
952 3278 994 3343 tu
1032 3278 1067 3343 et
1094 3274 1184 3344 dum
1217 3275 1352 3365 accipis

238 3431 241 3438 ,
327 3387 571 3456 meruistis»
601 3388 769 3458 Totidem
804 3393 892 3457 sunt
923 3389 1119 3478 paradoxa,
1157 3411 1203 3460 ne
1234 3389 1353 3460 dicam

358 3555 456 3609 1Ριιη.
475 3555 499 3618 6,
516 3555 544 3606 7.

356 3634 484 3685 ²1d.10.

356 3714 428 3765 ena.
447 3714 490 3764 n.

356 3794 487 3845 «1611.

355 3875 424 3924 tra.
440 3875 465 3925 a

354 3955 427 4005 vra.
444 3955 487 4006 11.

354 4035 425 4088 ⁷Id.
443 4036 485 4089 al.

355 4116 427 4169 ⁸Id.
447 4116 490 4166 54.
