3086 4970
580 498 758 566 ..81-

153 645 370 732 argumenta
399 641 613 730 explicando
645 640 884 708 imminuerit.
921 640 992 720 Qui
1023 649 1107 709 vero
1142 641 1180 709 in

153 777 275 826 causac
293 757 401 846 quasi
416 756 617 846 praeoordia
632 755 757 824 statim
769 755 1023 844 penetraverit,
1045 759 1078 824 et
1093 755 1183 825 illuc

151 873 277 942 omnia
296 873 512 960 eloquentiae
532 872 690 940 fulmina
709 871 939 955 converterit,
961 861 1022 940 ille
1039 872 1184 961 dignior

151 989 233 1072 erit,
261 989 324 1076 qui
345 992 466 1057 orator
484 992 646 1058 vocetur.
669 987 765 1068 Quid
786 988 938 1056 Tacitus
965 989 1082 1057 amico
1110 989 1183 1058 res-

150 1104 333 1194 ponderit,
355 1105 563 1190 nescimus3
586 1124 661 1173 non
681 1103 831 1172 omnino
851 1109 974 1173 tamen
994 1125 1078 1173 eum
1100 1125 1166 1174 oon

152 1220 318 1288 sensisse
338 1223 513 1309 putamus
522 1240 532 1305 ;
565 1239 650 1286 narn
670 1238 744 1287 non
770 1219 802 1286 is
825 1223 901 1288 erat
921 1219 1086 1303 Tacitus,
1120 1221 1184 1308 qni

150 1336 278 1404 omnia
293 1335 336 1404 de
359 1335 533 1404 omnibus
550 1334 748 1417 cumulate,
771 1334 835 1403 sed
857 1355 972 1423 pauca
993 1329 1104 1423 qu'am
1124 1356 1185 1425 op-

149 1451 254 1535 time,
283 1451 422 1520 dixisse
443 1450 566 1534 vellet,
583 1470 700 1539 neque
714 1450 960 1538 eloquentiam
974 1451 1012 1518 in
1028 1456 1108 1522 ooto
1127 1451 1184 1520 vel

151 1568 277 1636 decem
298 1566 529 1656 clepshydris
543 1566 684 1635 includi
705 1586 793 1635 sane
813 1566 1085 1660 arbitraretur1.

201 1683 299 1752 Illud
323 1687 406 1753 ante
435 1682 559 1752 omnia
577 1683 617 1750 in
637 1682 811 1752 Cicerone
838 1682 1003 1751 Plinium
1033 1682 1185 1758 delecta·

154 1799 231 1884 bat,
255 1799 354 1889 quod
373 1799 543 1889 princeps
570 1800 821 1868 Romanorum
842 1801 1027 1867 oratorum
1046 1803 1186 1886 copiose

153 1922 359 2000 ornateque
387 1913 532 1984 dicendi
563 1917 689 1984 auctor
716 1913 846 1982 luerat.
879 1913 931 1982 De
963 1915 1065 2003 copia
1093 1914 1184 1984 satis

151 2029 318 2099 vidimus
346 2029 435 2118 quid
460 2029 618 2099 senserit
641 2029 788 2098 Plinius
795 2050 805 2116 ;
832 2029 930 2117 quod
950 2029 996 2098 ad
1016 2034 1185 2099 ornatum

154 2146 303 2230 attinet,
336 2146 493 2217 breviter
524 2145 732 2234 requiram,
762 2145 944 2234 quomodo
969 2145 1185 2215 Tullianum

154 2266 378 2351 praeceptum
396 2261 507 2330 fuerit
525 2266 732 2330 exsecutus.

202 2377 319 2446 Nemo
343 2376 564 2445 infitiabitur
584 2381 841 2444 ornamentum
856 2381 996 2465 partem
1016 2377 1187 2446 elocutio—

156 2493 218 2561 nis
238 2511 321 2561 esse
341 2492 451 2581 quasi
470 2491 732 2575 necessariam,
755 2492 960 2581 saepissime
979 2492 1090 2562 rebus
1109 2513 1188 2583 gra·

156 2607 247 2675 tiam
260 2606 487 2696 singularem
500 2627 518 2676 e
530 2605 1002 2696 stylomanare,magnique
1012 2609 1189 2678 momenti

156 2723 197 2790 in
218 2722 379 2791 oratione
402 2722 540 2812 figuras
560 2742 654 2790 esse.
684 2721 754 2792 Sed
775 2721 1188 2810 11111111111111111111ν

158 2839 241 2908 nari
256 2838 386 2910 debet?
407 2837 563 2920 Quando
584 2837 685 2906 nuda
701 2842 736 2908 et
754 2839 898 2908 sincera
915 2839 996 2909 vult
1018 2840 1189 2908 tractarit

159 2953 1189 3045 Hocpotissimumvidebitorator,nequeserialudendo‚

160 3091 278 3160 neque
292 3070 428 3142 hilaria
440 3090 524 3142 cum
533 3070 686 3140 tristitia
699 3071 881 3141 tractabit.
893 3072 940 3140 At
955 3071 1103 3140 Plinius
1116 3091 1191 3140 non

159 3185 269 3256 modo
288 3186 390 3256 locos
415 3186 587 3258 definitos
612 3186 658 3256 ad
687 3186 902 3278 erigendum
930 3186 1086 3256 dicentis
1116 3187 1193 3256 ani-

159 3323 264 3374 mum
284 3306 392 3394 atque
412 3302 554 3392 aliquot
569 3304 680 3374 etiam
694 3303 804 3374 flores
820 3303 1066 3392 decerpendus
1079 3324 1194 3374 reser-

159 3422 235 3502 vat,
258 3417 323 3488 sed
343 3417 480 3506 ubique
500 3419 672 3506 quamvis
692 3419 884 3488 materiam
898 3419 964 3488 tali
979 3420 1087 3489 modo
1102 3430 1194 3488 trao-

162 3535 232 3602 tari
253 3534 353 3604 velit.
385 3534 540 3604 Inridere
567 3535 707 3605 solebat
728 3535 856 3604 saeculi
876 3536 935 3604 sui
961 3541 1137 3620 oratores
1162 3536 1194 3604 si

164 3651 249 3739 quis
269 3651 562 3739 rectusquidem
582 3656 617 3722 et
641 3671 770 3736 sanus,
798 3652 861 3722 sed
888 3673 1019 3742 parum
1044 3652 1195 3742 grandis

166 3772 201 3836 et
228 3771 382 3838 ornatus
402 3767 606 3838 videbatur.
637 3790 654 3836 1
675 3767 779 3840 Nihil
798 3773 934 3857 peccat,
965 3768 1096 3853 aiebat,
1122 3769 1196 3838 nisi

197 3956 207 3992 ¹
225 3955 264 4006 Cf.
279 3958 375 4006 tamen
389 3954 457 4020 quid
470 3955 501 4006 in
513 3954 591 4005 Dial.
608 3955 643 4006 de
657 3955 735 4007 Orat.
758 3955 809 4018 (22)
827 3953 918 4006 Julius
938 3955 1084 4006 Secundus
1104 3957 1138 4006 de
1156 3970 1199 4008 co-

166 4035 213 4098 pia
226 4039 255 4084 et
269 4035 304 4086 de
315 4039 417 4086 ornatu
426 4035 538 4085 sentiat.
556 4035 640 4084 Paene
652 4035 753 4086 similia
765 4039 831 4084 sunt
844 4035 906 4085 lraec
921 4035 978 4084 illis
991 4037 1096 4098 quaein
1111 4035 1200 4086 Plinio

164 4114 331 4166 invenimus.
353 4131 365 4162 «
388 4114 444 4177 Ego
458 4119 702 4168 autemuratorem
707 4153 776 4169 ,,,,,
801 4132 813 4163 1
834 4115 900 4166 llaec
912 4116 1037 4166 Tacitum
1059 4117 1200 4182 juvenem,

168 4197 290 4248 norrdum
308 4195 491 4248 historiarum
507 4197 683 4260 scriptorem,
701 4197 839 4249 redolent²
1024 4211 1064 4310 q
