3086 4970
799 561 844 575 ...
866 519 910 594 511
932 560 976 578 ...

367 653 469 756 pulis
496 665 646 753 eredita,
679 682 867 758 oransque
897 667 1101 739 exclamat:
1126 695 1140 732 ‹
1168 667 1390 758 Agnoscent·

371 797 456 852 mus
491 785 525 852 61
562 783 827 868 tenebamus»
864 781 1022 854 fruimur
1048 803 1117 854 nos
1155 803 1299 874 quoque
1331 783 1392 852 ille

367 898 589 988 eloquentia,
607 901 677 970 etsi
692 901 845 991 paulum
865 901 1023 971 rhetoris
1051 900 1214 971 scholam
1233 900 1389 970 redolet:

368 1035 454 1088 nam
470 1017 586 1086 inilia
601 1021 635 1087 et
650 1022 777 1108 pectus
793 1018 961 1102 oratoris
983 1036 1057 1087 non
1070 1017 1258 1107 ingenium
1274 1015 1392 1086 solum

370 1132 622 1222 agnoscimus,
644 1133 799 1223 ideoque
817 1133 912 1203 inter
931 1133 1113 1224 longiores
1134 1137 1168 1202 et
1181 1131 1392 1202 fastidiosas

367 1247 546 1339 principis
565 1249 697 1320 laudes
726 1249 791 1320 illa
810 1251 945 1341 pagina
963 1250 1068 1321 valde
1087 1269 1303 1320 recreamur.
1327 1248 1394 1319 Sed

366 1364 583 1454 hujusmodi
612 1365 738 1456 plures
772 1366 811 1434 in
845 1366 1083 1456 Panegyrico,
1117 1365 1320 1456 praesertim
1356 1364 1393 1434 in

366 1482 568 1572 posteriore
583 1487 697 1574 parte,
720 1487 929 1574 optaremus
942 1485 968 1550 ¹.
1370 1497 1374 1502 '

374 1605 378 1614 “
410 1597 620 1668 Elocutioni
641 1599 838 1670 maximam
858 1617 1003 1690 operam
1022 1597 1062 1668 ¹se
1082 1595 1307 1688 impendisse
1323 1595 1395 1666 Pli-

367 1713 454 1784 nius
484 1715 562 1804 ipse
591 1716 802 1807 profitetur,
831 1737 948 1806 neque
972 1737 1041 1786 nos
1075 1715 1219 1785 ibimus·
1240 1713 1391 1782 infitias.

367 1831 408 1900 In
425 1831 493 1900 hoo
509 1851 654 1922 qnoque
676 1832 958 1924 diligentissime
980 1831 1199 1914 Quintiliani
1228 1829 1394 1919 magistri

367 1951 548 2038 praecepta
568 1949 792 2038 exsequitur,
815 1949 878 2039 qui
898 1949 940 2018 de
956 1947 1241 2018 demonstrativo
1265 1963 1395 2036 genere

368 2061 506 2132 dixerat
529 2083 536 2134 :
568 2090 581 2127 1
604 2064 701 2134 illud
729 2083 860 2154 genus,
881 2063 1115 2134 ostentationi
1136 2061 1391 2152 compositum,

372 2205 387 2242 ι
415 2178 532 2248 solam
551 2179 641 2270 petit
660 2180 889 2249 audientium
902 2179 1139 2269 voluptatem,
1151 2177 1303 2266 ideoque
1319 2195 1392 2245 om-

371 2315 389 2362 1
415 2313 480 2364 nes
505 2294 649 2364 dicendi
672 2299 769 2366 artes
795 2295 921 2385 aperit,
952 2298 1194 2382 ornatumque
1214 2291 1391 2362 orationis

373 2436 388 2473 ‹
415 2410 561 2500 exponit
566 2463 632 2482 .....
665 2410 855 2501 Quidquid
884 2412 951 2482 6111
984 2405 1177 2480 sententiis
1205 2408 1388 2500 populare,

372 2551 385 2590 1
412 2525 535 2598 verbis
551 2527 724 2611 nitidum,
751 2526 879 2618 figuris
897 2527 1117 2617 jucundum,
1144 2522 1390 2595 translationi·

371 2669 384 2706 1
412 2642 482 2712 bus
498 2643 746 2732 magnificum,
764 2644 1025 2734 compositione
1041 2641 1278 2725 elaboratum,
1292 2640 1389 2712 velut

368 2780 384 2826 1
410 2756 558 2828 institor
574 2758 724 2847 quidam
744 2759 961 2849 eloquentiae
983 2760 1201 2830 intuendum
1224 2777 1265 2827 ac
1289 2775 1388 2848 pane

367 2895 383 2942 1
409 2874 706 2964 pertractandum
733 2875 833 2945 dabit
842 2897 851 2962 ;
883 2895 969 2947 nam
1000 2880 1152 2946 eventus
1179 2874 1224 2943 ad
1250 2875 1386 2964 ipsum,

366 3015 379 3054 ι
408 3009 481 3060 non
498 2990 543 3059 ad
558 3009 721 3075 causam,
743 2993 958 3062 refertum.»
977 2995 1022 3062 Et
1036 2991 1156 3061 illud:
1181 3018 1195 3055 «
1213 2991 1255 3060 In
1270 2990 1388 3084 iis-ac-

364 3104 592 3190 ctionibus,
625 3126 706 3195 quae
740 3105 779 3175 in
814 3107 937 3196 aliqua
976 3108 1055 3177 sine
1087 3105 1200 3177 dubio
1239 3105 1386 3176 veritate

366 3223 616 3304 aversantur,
639 3219 703 3290 sed
735 3225 823 3290 sunt
851 3222 897 3291 ad
922 3222 1134 3312 popularem
1167 3225 1297 3311 aptatae
1330 3221 1387 3290 de·

362 3335 652 3420 electationem,
689 3335 817 3425 quales
855 3337 1013 3427 legimus
1050 3339 1314 3428 panegyricos.
1337 3389 1384 3420 ..,

363 3451 627 3542 «permittitur
660 3452 833 3522 adhibere
870 3452 954 3544 plus
989 3452 1131 3538 cultus,
1170 3471 1386 3544 omnemque

361 3588 377 3634 1
403 3569 531 3651 artem,
554 3588 634 3657 quae
661 3567 772 3640 latere
799 3570 1013 3660 plerumque
1037 3569 1076 3639 in
1096 3571 1247 3659 judiciis
1268 3570 1385 3651 debet,

360 3700 377 3752 1
404 3702 477 3752 non
494 3683 659 3754 confiteri
679 3685 801 3771 modo,
824 3686 888 3756 sed
908 3690 1090 3756 ostentare
1106 3687 1213 3756 eiiam
1228 3688 1387 3756 homini-

360 3822 376 3868 1
401 3799 472 3870 bus
493 3799 532 3870 in
557 3801 627 3871 hoc
649 3802 868 3874 advocatias
896 3826 913 3870 r
936 3803 1149 3874 Periculosa
1169 3803 1331 3895 quidem,
1353 3807 1387 3874 et

386 4007 395 4044 ¹
412 4009 485 4060 Pan.
503 4008 543 4074 sl,
561 4009 605 4067 35.

385 4087 503 4140 ι1111111.
520 4093 597 4144 Orat.
614 4090 680 4155 v111,
698 4103 738 4156 111,
751 4092 791 4142 11.

386 4165 457 4218 tic.
475 4166 507 4231 11,
525 4179 554 4232 x,
572 4169 614 4222 11.
