3086 4970
622 445 800 514 ...39-

198 587 405 677 exemplum
431 587 608 656 referebat
632 587 802 656 Priscum
825 606 846 653 a
867 586 1076 671 Senecione,
1102 587 1226 677 Vergi-

198 703 303 778 nium
316 703 455 773 Rulurn
476 707 510 772 et
524 703 731 792 Agricolam
744 721 764 770 a
776 702 900 770 Tacito
916 700 1072 771 laudari.
1089 703 1228 793 Hujus·
1246 695 1248 700 ’

197 819 297 887 modi
313 839 401 888 sane
422 819 491 887 luit
505 818 655 888 libellus
676 838 784 907 quem
794 818 941 888 Plinius
954 824 1079 888 noster
1094 820 1137 889 de
1152 821 1228 890 vita

197 934 369 1004 Vestricii
390 935 486 1004 Cotti
507 936 747 1024 composuit¹.

242 1050 311 1121 Sed
332 1072 406 1120 non
428 1051 519 1120 satis
536 1055 624 1134 erat,
642 1055 682 1118 ut
711 1051 749 1118 in
778 1051 843 1118 tali
867 1056 1041 1140 ternpore,
1061 1055 1227 1124 mortuos

197 1166 543 1256 praedicaremque
559 1169 753 1237 contentus
766 1167 1114 1256 eratprinceps,qui
1134 1169 1229 1258 prio-

200 1303 278 1354 rem
300 1283 503 1372 principem
531 1282 577 1352 ad
606 1282 742 1352 coelum
771 1283 917 1366 tolerat,
940 1284 972 1352 si
995 1304 1069 1353 non
1094 1290 1129 1353 et
1156 1285 1228 1354 sibi

196 1398 321 1468 eadem
338 1399 454 1488 gloria
473 1398 546 1468 lrui
565 1399 648 1468 vivo
668 1398 804 1467 liceret.
826 1399 952 1487 Itaque
972 1400 1010 1468 in
1031 1405 1226 1471 consuetu-

196 1514 319 1584 dinem
334 1519 496 1597 venerat,
518 1514 798 1603 qualiscumque
818 1515 857 1583 in
878 1521 1007 1584 senatu
1027 1536 1087 1586 res
1107 1537 1226 1607 agere·

195 1633 268 1712 tur,
282 1629 427 1718 quoties
444 1649 509 1698 sen
523 1629 566 1698 de
577 1629 786 1719 ampliando
798 1651 951 1699 numero
966 1630 1224 1720 gladiatorum,

196 1764 261 1812 sen
273 1743 316 1812 de
332 1743 561 1813 instituendo
577 1743 728 1834 collegio
745 1744 931 1814 fabrorum
948 1747 1223 1832 consulebatur,

195 1879 341 1929 ornnem
361 1860 562 1928 orationem
582 1860 620 1928 in
639 1860 868 1949 imperatoris
884 1860 1134 1931 laudationem
1148 1883 1227 1932 rer-

193 1978 280 2044 tere.
306 2004 320 2038 ι
344 1976 447 2045 Nihil
466 1980 542 2044 tam
557 1975 720 2065 vulgare,
737 1976 788 2044 ait
802 1975 963 2060 Plinius,
979 1981 1055 2046 tam
1070 1999 1225 2068 parvum

195 2091 233 2159 in
264 2095 394 2160 senatu
427 2091 613 2180 agebatur,
645 2097 686 2159 ut
712 2112 785 2161 non
811 2091 985 2160 laudibus
1017 2094 1225 2184 principum

196 2208 492 2292 immorarentur,
519 2208 813 2297 quibuscumque
834 2209 1006 2277 censendi
1022 2210 1224 2279 necessitas

193 2323 423 2393 accidisset.
449 2351 462 2384 1
498 2323 596 2404 Quin
617 2322 726 2391 etiam
747 2324 785 2391 in
811 2324 933 2392 arenis
955 2323 1047 2394 etin
1069 2325 1223 2394 theatris

194 2441 402 2530 panegyrici
430 2460 511 2508 sese
541 2439 779 2508 audientibus
800 2440 1011 2509 offerebant.
1045 2442 1222 2529 «Ecquis
1273 2464 1275 2468 ·

190 2555 267 2643 jam
297 2555 402 2624 locus
422 2556 570 2628 miserae
599 2555 824 2626 adulationis
854 2557 1024 2625 manebat
1055 2557 1221 2646 ignaruS,

193 2690 277 2740 cum
305 2671 436 2740 laudes
462 2670 723 2761 imperatorum
749 2671 850 2740 ludis
871 2672 980 2740 etiam
1000 2677 1034 2741 et
1053 2673 1223 2742 commis·

194 2785 365 2857 sionibus
394 2784 675 2868 celebrarentur,
707 2786 1014 2875 saltarentnrque,
1044 2791 1152 2875 atque
1181 2789 1250 2858 in.

193 2921 300 2970 omne
314 2900 518 2974 ludibrium
534 2902 752 2970 effeminatis
768 2903 934 2986 vocibnS,
958 2903 1092 2986 nodis,
1113 2903 1222 2992 gesti-

192 3017 262 3085 bus
279 3017 553 3106 frangerentur
565 3017 633 3086 Sed
649 3017 743 3086 illud
757 3017 964 3107 indignum,
981 3019 1079 3106 quod
1095 3019 1220 3088 eodem

191 3137 352 3222 tempore
379 3134 417 3200 in
447 3137 576 3201 senatu
608 3137 642 3202 et
670 3133 709 3201 in
737 3153 845 3202 scena
865 3133 910 3202 ab
929 3134 1109 3204 histrione
1139 3139 1221 3203 ota

192 3249 344 3318 consule
364 3248 611 3317 laudabantur
624 3251 648 3317 ³.
675 3275 687 3310 a
718 3251 924 3338 Antequam
941 3251 1052 3338 igitur
1071 3250 1219 3320 Plinius

192 3365 459 3454 Panegyricum
493 3365 717 3454 scripsisset,
749 3364 919 3454 permulti
952 3365 1138 3450 consules,
1174 3387 1219 3436 ne

191 3481 311 3550 dicam
341 3502 482 3564 omneS,
504 3481 686 3550 Caesarem
715 3485 934 3570 praesentem
950 3481 1006 3549 vel
1029 3482 1218 3554 absentem

190 3597 440 3678 laudaverant,
459 3596 522 3665 sed
539 3617 612 3665 non
627 3596 810 3679 funditus,
827 3602 867 3665 ut
882 3602 1028 3687 apparet
1037 3619 1046 3684 ;
1060 3597 1218 3688 plerum·

191 3735 261 3802 que
295 3713 505 3786 censebant.
536 3717 576 3780 ut
608 3718 735 3780 aurata
762 3713 818 3781 vel
839 3713 999 3786 eburnea
1028 3719 1149 3784 statua
1177 3714 1216 3782 in

221 3915 230 3950 ¹
246 3915 300 3978 Ep.
321 3915 422 3978 111,10.

221 3995 319 4048 ²Pan.
335 3996 374 4046 54.

221 4075 318 4129 ³Ibid.
