3086 4970
752 429 929 499 ..40-

328 573 407 644 aede
440 577 660 663 poneretur,
693 572 751 641 vel
785 577 825 640 ut
858 571 1001 641 nomini
1024 571 1184 642 Gaesaris
1220 572 1355 661 aliquis

327 689 468 758 mensis
488 687 688 773 dicaretur;
712 687 776 757 sed
796 707 917 770 nemo,
935 687 1054 770 credo,
1076 691 1182 756 antea
1202 688 1358 778 impera-

327 809 443 875 torem
462 808 631 873 aoourata
649 803 811 873 oratione
827 802 1053 886 laudaverat,
1071 824 1188 893 nequo
1203 805 1358 874 virtutes

330 921 411 1009 ejus
434 919 650 1008 singillatim
670 923 704 987 et
732 939 774 987 ex
801 919 927 988 ordine
946 899 1236 1008 praedicaverat:
1266 920 1360 989 ‹lisu-

331 1036 399 1104 oile
420 1035 517 1104 enim
536 1034 670 1104 fuisset
684 1055 758 1103 non
788 1035 827 1102 in
848 1035 1097 1124 suspicionem
1118 1035 1243 1104 satirae
1271 1035 1359 1104 inci-

331 1151 428 1234 dere,
450 1150 482 1220 si
503 1151 588 1239 quis
615 1151 653 1218 in
674 1150 876 1220 Domitiani
900 1151 1055 1240 pulchra
1075 1151 1197 1220 indole
1218 1150 1359 1220 diutius

331 1270 578 1336 commoratus
598 1270 707 1336 esset.
729 1266 876 1336 Plinius
892 1271 1027 1350 autem,
1040 1267 1105 1355 qui
1120 1267 1178 1336 die
1193 1267 1361 1357 designa-

332 1383 445 1453 tionis
481 1382 628 1452 nullum
669 1383 827 1472 TraJ'ano
859 1385 1037 1452 honorem
1070 1384 1233 1473 petierat,
1268 1403 1361 1473 prae-

331 1497 481 1568 teritum
503 1496 705 1582 silentium,
727 1518 810 1567 cum
830 1499 1086 1588 magistratum
1102 1499 1221 1582 inivit,
1248 1497 1361 1568 fusis-

333 1615 428 1684 sima
451 1613 663 1683 laudatione
687 1615 902 1703 pensavisse
928 1614 1086 1698 videtur,
1114 1635 1232 1703 neque
1253 1635 1292 1684 se
1321 1615 1359 1684 in

331 1730 432 1800 nuda
451 1730 652 1820 gratiarum
671 1731 824 1815 actione,
847 1735 886 1801 ut
901 1752 982 1801 mos
1003 1736 1091 1815 erat,
1113 1731 1306 1800 continuit.

377 1847 467 1915 Haec
486 1851 542 1915 est
570 1846 785 1936 Panegyrioi
805 1848 904 1938 origo
928 1868 935 1916 :
958 1868 1003 1916 ne
1022 1852 1145 1916 tamen
1167 1829 1361 1918 oblivisca-

332 1960 653 2045 munerationem,
682 1983 792 2050 quam
820 1963 966 2032 Plinius
992 1964 1123 2032 consul
1156 1963 1195 2031 in
1229 1968 1359 2034 senatu

332 2076 475 2160 habuit,
496 2097 570 2146 non
587 2077 704 2147 fuisse
725 2079 897 2168 scriptam
913 2078 957 2148 ab
974 2083 1132 2162 auctore,
1148 2100 1266 2168 neque
1282 2078 1359 2148 ullo

332 2192 439 2263 modo
456 2193 564 2262 nobis
583 2198 708 2262 notam
728 2215 822 2278 esse,
845 2194 977 2264 nisiex
995 2196 1057 2264 his
1076 2196 1308 2285 verbiS,quae
1320 2195 1359 2264 in

332 2308 487 2398 epistola
503 2309 548 2378 ad
562 2310 710 2378 Canium
727 2311 899 2380 Severum
915 2311 1139 2381 invenimus.
1155 2340 1169 2374 u
1189 2313 1360 2380 Officium

333 2425 551 2495 consulatus
581 2426 742 2515 injunxit
762 2427 854 2496 mihi
882 2432 923 2495 ut
953 2427 1005 2496 rei
1033 2429 1193 2518 publioae
1212 2429 1360 2497 nomine

333 2540 488 2630 principi
515 2542 651 2629 gratias
672 2562 826 2631 agerem.
853 2543 959 2623 Quod
975 2564 1039 2633 ego
1060 2545 1098 2612 in
1127 2550 1256 2614 senatu
1277 2566 1361 2615 cum

334 2657 381 2725 ad
400 2657 579 2726 rationem
599 2657 669 2726 loci
697 2661 731 2726 et
757 2658 932 2747 temporis
953 2678 996 2726 ex
1022 2679 1121 2728 more
1145 2659 1358 2730 fecissem...

334 2774 427 2842 eto.¹
449 2798 462 2834 e
487 2771 603 2853 Quem
622 2776 744 2841 autem
764 2773 802 2841 in
822 2793 935 2841 manu
949 2773 1143 2858 habemuS,
1165 2775 1360 2866 Panegyri-

334 2907 419 2956 cum
439 2886 586 2968 Plinius
615 2886 756 2975 aliquot
770 2891 853 2977 post
867 2909 1028 2972 menses,
1045 2910 1129 2959 cum
1143 2892 1360 2981 magistratu

333 3003 482 3086 exisset,
502 3002 540 3071 id
556 3008 612 3072 est
626 3024 722 3071 anno
739 3003 816 3089 101,
832 3006 1013 3090 tractavit,
1029 3008 1244 3097 nonjamin
1259 3010 1361 3079 ouria

334 3139 528 3209 coramque
561 3121 723 3211 principe
757 3121 975 3205 dicendum,
1009 3122 1073 3192 sed
1106 3124 1145 3192 in
1178 3125 1360 3195 auditorio

333 3235 574 3305 recitandum.
593 3237 689 3306 Satis
705 3241 833 3306 notum
850 3242 905 3307 est
920 3238 1103 3326 quomodo
1123 3239 1237 3310 Plinii
1253 3242 1360 3311 amici

337 3379 351 3412 ι
380 3371 454 3421 non
473 3371 536 3440 per
555 3352 757 3437 codicillos
779 3374 853 3423 non
873 3373 936 3443 per
950 3354 1110 3438 libelloS,
1133 3356 1197 3425 sed
1219 3361 1253 3424 si
1268 3379 1362 3426 coct-

335 3468 485 3533 caodum
512 3471 546 3536 et
563 3470 597 3534 si
615 3471 722 3538 coldo
740 3476 892 3538 uocaret
911 3469 1112 3554 admoniti,
1142 3471 1361 3542 loedissimis

334 3581 487 3670 insuper
520 3584 802 3673 tempestatibus
827 3607 865 3668 n,
898 3605 974 3674 porw
998 3585 1153 3655 biduum
1187 3607 1362 3658 convene-

335 3698 433 3780 rint,
456 3718 611 3787 cumque
640 3701 819 3770 modestia
846 3700 993 3770 lectoris
1024 3703 1134 3772 finem
1158 3705 1361 3775 recitationi

336 3813 450 3883 facere
477 3814 670 3901 voluisset,
691 3822 732 3885 ut
758 3816 928 3906 adjiceret
954 3820 1099 3888 tertiam
1119 3820 1216 3890 diem
1240 3842 1363 3912 exege-

367 4076 374 4110 ¹
392 4075 447 4126 Eo.
466 4076 509 4133 ΙΙΙ,
526 4077 565 4132 18.
