3086 4970
755 497 933 568 ..42-

336 643 549 725 vocaverat3
572 642 606 707 et
626 658 719 727 quae,
741 639 978 728 potissimum
998 637 1053 706 illi
1069 637 1285 727 probabant,
1306 658 1360 722 aa,
1404 730 1407 734 ⁸

335 754 511 824 facilioris
543 753 666 844 gloriae
700 753 869 843 cupidus,
905 753 1188 843 diligentissime
1225 753 1363 823 excole-

301 907 305 914 ,
334 871 397 940 bat
425 875 459 938 et
494 869 713 952 sectabatur,
747 890 820 938 non
852 869 973 938 solum
998 869 1035 937 in
1066 857 1275 952 auditoriis,
1297 869 1362 942 sed

335 991 369 1056 et
395 985 433 1054 in
458 987 550 1070 foro,
571 986 610 1055 in
636 985 802 1074 judiciis
830 986 869 1068 in
902 985 1021 1056 rnedio
1052 990 1195 1054 senatu.
1235 987 1361 1074 Itaque

335 1102 603 1192 Panegyricum
638 1122 747 1190 quam
787 1103 964 1186 recitavit,
1002 1103 1071 1172 etsi
1100 1101 1296 1191 spatiosior
1328 1107 1363 1171 et

334 1219 481 1289 uberior
498 1219 580 1301 fnit,
603 1239 677 1286 non
697 1223 820 1287 tamen
840 1219 990 1288 omnino
1008 1218 1230 1287 dissimilem
1242 1217 1361 1287 fuisse

334 1336 379 1404 ab
400 1335 465 1404 illa
484 1335 684 1424 gratiarum
700 1335 854 1418 actione,
876 1354 987 1423 quam
1001 1335 1144 1418 habuit,
1161 1334 1357 1404 credimus.

334 1451 450 1532 Quem
472 1451 503 1519 si
520 1450 695 1519 attentius
721 1470 1040 1539 recognoscemus
1064 1451 1174 1541 paulo
1195 1451 1360 1520 severius

333 1567 424 1636 torte
457 1567 500 1635 de
525 1566 638 1635 Plinii
677 1566 885 1654 eloquentia
918 1567 1115 1656 judicium,
1135 1588 1209 1635 non
1235 1571 1359 1636 tamen

333 1685 484 1754 omnino
504 1681 641 1752 falsum
662 1683 987 1772 inconsultumque
1011 1683 1200 1752 faciemus.

377 1802 452 1872 Nec
485 1800 577 1868 mihi
610 1800 649 1867 in
683 1801 804 1868 animo
836 1804 891 1868 est
922 1800 965 1869 de
994 1801 1220 1890 Panegyrico
1252 1801 1358 1891 plena

333 1917 534 2006 disputare,
557 1937 756 2004 omnesque
791 1917 871 2005 ejus
901 1922 1021 2006 partes
1052 1918 1200 2006 penitus
1224 1917 1357 1985 intros-

331 2033 448 2122 picere
463 2051 471 2118 3
491 2031 604 2100 nimis
619 2032 717 2100 enim
733 2036 833 2099 extra
852 2032 966 2121 hujus
986 2033 1145 2101 materiae
1157 2032 1356 2101 terminum

331 2169 497 2238 raperer,
531 2169 615 2236 quae
645 2147 739 2215 nihil
773 2148 874 2216 aliud
904 2169 1015 2236 quam
1054 2148 1168 2217 Plinii
1200 2150 1355 2220 minoris

331 2264 577 2353 eloquentiam
594 2247 835 2352 amplectitur.
855 2263 1045 2344 Quomodo
1061 2265 1262 2352 Trajanum
1282 2264 1356 2336 Pli-

330 2381 418 2450 nius
443 2380 661 2462 laudaverit,
690 2399 834 2449 reraene
862 2380 999 2454 fuerint
1032 2401 1078 2448 an
1112 2380 1245 2450 fucatae
1277 2381 1355 2449 illae

329 2498 497 2580 virtutes
520 2497 657 2585 quibus
678 2497 878 2586 principem
908 2496 1052 2565 abunde
1083 2497 1238 2579 ornavit,
1265 2497 1354 2585 quid

330 2613 372 2681 de
393 2613 599 2702 principatu
612 2613 691 2702 ipso
713 2633 880 2702 novoque
897 2633 1019 2681 rerum
1036 2612 1161 2681 ordine
1183 2613 1353 2696 senserit,

329 2729 498 2817 denique,
510 2729 689 2818 quidquid
703 2730 896 2798 historiam
907 2733 1056 2819 spectat,
1066 2729 1355 2818 haudquaquam

329 2845 545 2934 attingaml.
574 2844 680 2924 Quod
696 2845 742 2913 ad
763 2845 877 2914 Plinii
903 2865 1024 2913 mores
1047 2845 1214 2934 pertinet,
1237 2844 1274 2912 id
1299 2848 1355 2914 est

328 2959 431 3028 illam
461 2960 589 3049 gloriae
620 2960 773 3029 nimiam
815 2960 1062 3050 cupiditatem,
1094 2960 1353 3049 sempiternam

327 3077 430 3146 illam
457 3097 540 3166 erga
565 3077 765 3166 principem
792 3082 826 3145 et
860 3077 1023 3165 seipsum
1047 3076 1350 3160 benevolentiam,

326 3192 534 3261 illa-omnia
553 3192 736 3261 lenocinia
757 3193 893 3280 quihus
913 3191 1060 3261 Plinius
1082 3212 1224 3281 semper
1246 3192 1352 3260 valde

326 3305 482 3396 placebit
523 3306 692 3394 idemque
728 3306 921 3396 paululum
962 3305 1161 3394 legentium
1207 3306 1351 3374 animos

325 3421 505 3504 irritabit,
541 3420 583 3490 de
623 3422 692 3489 hoc
729 3421 953 3510 paucissima
986 3421 1139 3508 loquar,
1168 3425 1209 3488 ut
1245 3426 1352 3494 antea

326 3535 434 3619 dicta,
455 3538 644 3625 magisque
661 3536 817 3605 fortasse
834 3537 879 3606 ad
893 3535 1155 3617 cavillandum,
1175 3554 1286 3623 quam
1305 3535 1351 3604 ad

322 3652 564 3740 judicandum
603 3653 810 3720 invitantia.
845 3652 1025 3740 liquidem
1058 3652 1096 3718 in
1126 3651 1350 3740 Panegyrico

354 3901 419 3951 ¹Cl.
446 3901 480 3950 de
504 3902 558 3950 hoc
571 3901 594 3950 J.
614 3901 755 3963 Dierauer,
778 3900 908 3964 Baitraepa
927 3916 958 3948 zu
981 3901 1057 3950 einer
1079 3903 1223 3951 irritirclran
1243 3903 1349 3952 Geaclrl.

323 3982 382 4030 elate
403 3982 535 4044 Trajoo's,
548 3982 620 4054 ‘dans
636 3981 776 4043 Biidinger
794 3980 891 4044 (’1868);
913 3985 940 4029 et
958 3981 985 4028 in
1005 3982 1102 4043 primis
1118 3981 1145 4031 C.
1161 3983 1196 4032 de
1211 3983 1239 4031 la
1252 3983 1349 4048 Berge,

322 4061 401 4110 Essai
412 4077 459 4110 sur
474 4063 497 4110 le
510 4061 632 4125 repnede
646 4061 748 4123 Trajan
763 4061 900 4124 (Biblioth.
919 4060 968 4110 des
981 4061 1085 4112 Hautes
1102 4052 1215 4125 EtudeS,
1233 4063 1277 4114 32·
1295 4064 1349 4114 ias·

322 4141 419 4204 cicula,
431 4141 512 4206 1887),
