3086 4970
592 559 637 572 ..
660 525 703 592 55
725 561 770 571 -

212 664 1194 755 Netamenilliusoperisvitiatantumconsideremus

166 783 261 852 Sunt
289 781 437 871 quidem
466 782 604 866 crebra,
635 787 669 851 et
702 801 782 869 quae
815 781 854 851 in
881 781 1047 850 omnium
1067 782 1194 852 oculos

167 898 369 981 incurrant,
392 896 546 966 sednon
563 898 652 982 adeo
671 901 794 966 tamen
813 900 931 965 totum
951 911 1045 987 opus
1065 897 1196 968 inleoe-
1297 939 1301 950 ·

166 1017 267 1097 runt,
284 1016 325 1082 ut
335 1012 464 1082 nullus
477 1013 694 1084 melioribus
710 1013 823 1082 Plinii
838 1012 1078 1084 facultatibus
1097 996 1198 1085 ‘exer-

166 1128 293 1198 cendis
318 1129 423 1199 locus
450 1129 683 1219 superfuerit.
702 1130 784 1200 Non
800 1129 938 1217 ubique
958 1130 1197 1201 ambitiosum

165 1249 200 1313 et
216 1223 437 1332 exquisitius
458 1244 527 1314 boo
547 1244 692 1314 dicendi
712 1265 829 1334 genus
850 1245 1067 1334 reperimus,
1099 1245 1197 1336 quod

165 1361 323 1429 forsitan
356 1361 472 1430 nimia
506 1362 697 1431 severitate
728 1363 859 1451 carpsi.
882 1363 979 1430 Sunt
1011 1363 1197 1432 interdum

165 1474 349 1565 permulta
369 1476 521 1546 subtilia
542 1480 577 1546 et
587 1481 692 1545 acuta
708 1481 743 1545 et
757 1481 883 1565 argute
904 1476 1013 1561 dicta,
1031 1499 1111 1566 quae
1123 1479 1199 1568 pla-

166 1596 271 1662 ceant
288 1596 425 1676 tamen,
449 1592 537 1681 quia
552 1612 593 1661 oa
612 1612 687 1660 non
700 1591 746 1660 ad
762 1592 970 1660 ornandum
990 1592 1112 1678 modo,
1134 1594 1196 1663 sed

164 1707 211 1775 ad
232 1706 557 1796 ingeniosissimos
586 1727 722 1776 sensus
753 1707 1011 1797 exprimendos
1045 1708 1199 1797 scriptor

166 1823 400 1912 excogitavit;
419 1828 507 1893 sunt
526 1802 597 1893 loci
617 1824 656 1893 in
671 1823 808 1912 quibus
820 1823 1090 1913 jucunditatem
1105 1825 1198 1914 epis-

166 1937 326 2006 tolarum
345 1939 595 2028 agnoscimus.
618 1940 711 2008 Sunt
730 1942 765 2008 et
790 1933 973 2008 nonnulla
999 1939 1195 2028 simplicia,

167 2055 401 2145 remissoque
417 2055 515 2144 stylo
533 2055 681 2144 scripta,
706 2074 786 2143 quae
810 2055 982 2124 lectorem
1006 2055 1195 2141 reficiunt3

168 2190 286 2259 neque
306 2171 458 2240 enimin
475 2171 545 2239 hoc
565 2190 671 2259 opere
689 2169 894 2239 laetioribus
910 2170 1016 2256 locis,
1032 2172 1073 2239 ut
1090 2170 1196 2254 solet,

169 2286 232 2355 sed
252 2287 479 2356 tristioribus
491 2305 532 2354 ac
554 2286 799 2358 severioribus
814 2306 1032 2355 recreamur.
1051 2285 1198 2355 Plinius

168 2402 246 2492 ipse
268 2403 454 2472 introrsus
477 2402 734 2493 suspicabatur
758 2403 833 2472 fore
854 2406 895 2471 ut
914 2403 1050 2492 posteri
1074 2403 1198 2492 potius

166 2517 206 2586 in
222 2519 446 2608 Panegyrico
466 2517 669 2588 austeriora
682 2538 792 2606 quam
808 2517 1001 2588 blandiora
1011 2518 1199 2588 laudaturi

167 2638 305 2718 essent,
341 2634 593 2722 Scribebatque
623 2634 769 2702 cuidam
803 2635 920 2703 amico
950 2655 957 2704 :
992 2661 1006 2697 ι
1037 2635 1106 2704 Sed
1134 2656 1198 2725 ego

170 2770 295 2819 «cum
325 2750 491 2820 studium
515 2750 758 2837 audientium,
788 2755 869 2818 tum
894 2750 1077 2840 judicium
1109 2753 1199 2822 mire

170 2894 184 2930 ι
211 2867 373 2956 probavi.
395 2866 648 2937 Animadverti
667 2866 766 2934 enim
787 2868 1024 2938 severissima
1044 2888 1198 2957 quaeque

171 3011 185 3045 ι
211 2983 270 3052 vel
289 2983 445 3053 maxime
463 2981 686 3052 satisfacere.
704 2983 857 3053 Memini
873 2984 1022 3072 quidem
1046 3005 1104 3054 me
1123 3005 1197 3053 non

172 3128 186 3162 ι
213 3099 342 3168 multis
362 3101 537 3169 recitasse
557 3099 656 3189 quod
676 3099 850 3169 omnibus
879 3101 1031 3190 scripsi;
1065 3098 1199 3169 nihilo·

172 3243 186 3277 ι
214 3215 339 3284 minus
353 3219 490 3299 tamen,
506 3218 685 3303 tanquam
697 3215 746 3282 sit
763 3214 889 3283 eadem
900 3213 1201 3284 omniumfutura

173 3357 186 3392 ι
215 3331 409 3414 sententia,
432 3331 501 3400 hac
523 3330 714 3401 severitate
736 3330 884 3398 aurium
906 3331 1029 3418 laet0r3
1055 3358 1068 3392 ι
1092 3335 1127 3398 et
1147 3331 1200 3399 sic

169 3446 385 3535 precabatur
412 3446 514 3531 deos,
536 3447 674 3526 (nescio
694 3467 741 3514 an
766 3467 809 3515 ex
832 3445 906 3516 imo
928 3447 1047 3536 corde)
1075 3467 1083 3517 :
1113 3475 1126 3509 ‹
1158 3451 1200 3514 ut

173 3591 187 3624 ι
215 3561 434 3650 quandoque
449 3561 675 3646 veniatdieS‚
693 3561 924 3650 (utinamque
932 3563 1010 3652 jam
1025 3562 1198 3649 venanti)

174 3704 188 3740 ι
215 3698 287 3767 quo
308 3678 467 3747 austeris
487 3677 564 3772 illis
587 3677 798 3766 severisque
814 3678 937 3748 dulcia
955 3680 1034 3748 haec
1049 3677 1200 3748 blanda-

174 3821 188 3856 ι
216 3814 286 3888 que
313 3794 371 3866 vel
396 3795 499 3883 justa
518 3795 755 3884 possessione
775 3794 987 3864 decedant¹.
1013 3823 1027 3858 ι
1056 3795 1200 3884 Optime

171 3910 388 3999 quidemet
416 3911 626 3999 Justissime
659 3910 798 3979 dictum
836 3914 909 3995 est,
952 3911 1016 3980 sed
1043 3912 1087 4014 ¹is
1126 3914 1202 3980 erat

206 4177 213 4212 ι
230 4175 285 4241 ap.
303 4177 346 4228 ιιι.
363 4177 405 4232 re.
