3086 4970
746 467 924 535 ...74-

325 609 363 676 et
379 607 486 692 elata,
507 611 683 697 tanquam
702 608 901 679 tumidiora
917 609 1118 680 detrabat¹.
1145 608 1205 680 Sic
1225 628 1338 678 censu
1454 628 1456 630 ·

226 712 229 718 ’
325 743 407 794 ram
426 745 469 794 ex
488 725 562 794 imo
583 725 689 796 corde
710 727 791 796 suis
813 727 987 816 operibus
1006 730 1123 817 optat!
1147 726 1230 810 Sed,
1246 726 1353 796 amici

326 841 512 912 orationes
539 841 654 910 Plinii
680 842 889 931 saepissime
920 843 1205 927 emendaverint,
1243 843 1351 914 volo:

326 958 435 1048 pejus
460 957 530 1028 boc
557 956 648 1028 forte
673 957 808 1027 fuisset
831 978 942 1047 quam
971 959 1003 1028 si
1030 979 1104 1028 non
1130 958 1354 1028 emendavis-

329 1077 426 1146 sent!
453 1073 621 1145 Nimium
650 1074 763 1163 igitur
789 1075 944 1164 tempori
972 1075 1081 1144 dabat
1109 1075 1172 1146 ille
1206 1074 1354 1145 Demos-

327 1193 452 1264 thenis
480 1195 589 1281 atque
613 1191 812 1282 Hyperidis
832 1192 1039 1277 aemulator,
1061 1211 1145 1264 cum
1172 1193 1355 1264 orationes

328 1327 416 1378 suas
440 1308 651 1378 Saturninis
671 1309 730 1378 vel
744 1309 910 1378 Arrianis
938 1309 1006 1380 aevi
1036 1308 1095 1380 sui
1121 1308 1355 1398 corrigendas

326 1424 496 1496 traderet.
512 1423 673 1494 Hoecine
686 1423 793 1494 modo
815 1424 984 1512 sperabat
1002 1424 1077 1496 fore
1093 1427 1135 1493 ut
1149 1423 1355 1513 eloquentia

327 1542 457 1614 melior
483 1541 597 1624 fieret,
623 1545 658 1610 et
676 1540 838 1629 aliquem
857 1541 1021 1630 antiquae
1046 1540 1227 1612 facundia
1251 1540 1355 1630 spiri-

327 1661 407 1728 tum
434 1656 620 1728 haurireti

374 1772 452 1843 Hoc
465 1771 564 1841 enim
575 1771 645 1840 fuit
656 1773 858 1842 maximum
870 1776 904 1841 et
919 1772 1070 1863 capitale
1087 1773 1200 1845 Plinii
1210 1773 1355 1858 vitium,

329 1887 411 1958 ideo
433 1887 640 1978 scripsisse,
655 1899 730 1958 non
746 1893 787 1957 11
800 1888 989 1960 veritatem
1004 1888 1111 1960 modo
1127 1909 1237 1978 quam
1253 1889 1357 1960 abso·

330 2002 516 2072 lutissime
543 2003 769 2092 exprimeret,
791 2024 866 2072 non
886 2008 929 2072 ut
945 2003 1055 2074 verba
1080 2003 1126 2073 ad
1150 2003 1254 2073 illius
1278 2004 1358 2093 pul·

331 2117 556 2190 chritudinis
577 2118 773 2208 exemplar,
799 2118 898 2207 quod
919 2118 958 2188 in
983 2119 1105 2188 animo
1129 2118 1356 2202 versabatur,

333 2234 496 2323 fingeret,
525 2233 589 2304 sed
619 2234 657 2302 in
681 2235 811 2324 primis
841 2238 882 2302 ut
904 2234 1071 2304 ducentis
1098 2234 1156 2304 vel
1185 2234 1357 2306 trecentis

333 2349 487 2420 eruditis
508 2354 543 2420 et
566 2350 732 2420 delicatis
755 2351 846 2420 viris
872 2350 1042 2440 placeret,
1067 2351 1105 2418 in
1125 2351 1260 2439 quibus
1279 2354 1358 2422 tum

332 2487 493 2536 romanae
513 2468 646 2538 litterae
670 2467 962 2550 continebantur,
984 2473 1018 2536 et
1035 2487 1147 2556 penes
1167 2487 1261 2556 quos
1284 2472 1359 2540 erat

333 2583 399 2652 illa
417 2604 581 2674 praesens
605 2589 640 2652 et
660 2584 878 2673 temporaria
899 2583 1039 2673 gloria,
1071 2605 1182 2672 quam
1211 2584 1358 2656 Plinius

332 2719 435 2788 aeque
455 2720 496 2768 ac
515 2700 678 2769 futuram
694 2700 985 2790 concupiscebat.
1011 2701 1106 2772 Nam
1131 2721 1205 2770 non
1237 2701 1357 2770 solum

331 2817 480 2886 uniant
504 2816 609 2887 alteri
632 2817 871 2887 familiarium
893 2816 1034 2906 legebat
1048 2817 1243 2901 orationes,
1265 2837 1357 2906 quas

330 2952 446 3022 nuper
465 2933 616 3017 dixerat,
633 2933 710 3017 sed,
725 2932 822 3022 quod
842 2933 1087 3022 periculosius
1101 2938 1189 3018 erat,
1205 2935 1243 3002 in
1257 2934 1357 3004 audi-

327 3050 420 3118 torio
454 3049 625 3139 plurimis
655 3051 797 3133 amicis,
830 3070 873 3118 ex
902 3050 1002 3118 omni
1035 3049 1124 3118 urbe
1156 3051 1356 3134 arcessitis

329 3165 516 3234 recitabat.
539 3165 685 3246 Quanto
706 3165 832 3235 ardore
852 3165 921 3234 has
937 3165 1169 3235 recitationes
1185 3165 1358 3237 1111111111

330 3281 496 3364 coluerit,
514 3281 605 3351 satis
626 3285 754 3352 notum
775 3286 843 3364 est,
860 3301 978 3370 neque
993 3281 1055 3350 hic
1068 3281 1174 3351 loeus
1190 3286 1247 3352 est
1261 3303 1358 3372 repe·

328 3397 429 3468 tendi
449 3397 632 3485 quomodo
648 3398 694 3468 ad
715 3398 855 3487 stylum
874 3417 1002 3468 earum
1021 3398 1243 3483 orationum,
1265 3417 1357 3487 quas

327 3513 605 3584 accuratissime
633 3517 846 3584 retractatas
874 3513 1015 3598 edebat,
1051 3513 1142 3586 bene
1174 3518 1239 3584 aut
1265 3516 1358 3586 male

327 3629 543 3718 profuerint.
574 3630 649 3699 Sed
669 3631 729 3700 his
753 3630 1031 3700 recitationibus
1057 3630 1266 3720 eloquentia
1285 3652 1357 3701 non

326 3745 456 3815 leviter
478 3749 512 3813 et
538 3747 764 3830 summatim,
792 3767 919 3817 verum
934 3746 1112 3815 radicitus
1133 3748 1358 3837 perverteba-

327 3864 399 3930 tur.
418 3862 545 3949 Neque
566 3861 665 3930 enim
687 3863 809 3946 mode,
825 3839 1021 3951 postquam
1040 3862 1267 3947 recitaverat,
1288 3863 1359 3932 Pli-

361 4117 370 4152 ¹
387 4116 443 4182 up.
461 4117 572 4181 11111.
