3086 4970
597 563 642 574 ..
665 523 708 594 27
729 563 774 575 ...

157 657 281 725 ¹quarn
295 659 359 728 pro
375 639 508 710 iisdem
528 639 673 710 Baeticis
694 645 821 710 contra
840 641 1004 711 Massam
1029 657 1181 732 suscepe

168 757 238 836 rat,
260 754 319 824 vel
340 754 405 824 illa
425 775 536 845 quam
556 776 672 846 nuper
691 776 755 845 pro
775 755 876 826 Afris
896 760 1021 826 contra
1040 755 1198 828 Marium

169 870 375 941 Priscumf.
398 872 612 946 Decesserat
640 873 738 943 enim
766 873 958 944 Classicus
989 872 1197 944 voluntaria

168 992 297 1072 morte,
325 987 479 1078 ideoque
508 990 729 1080 gravissima
758 990 914 1062 crimina
933 990 1196 1062 confirmarat:

169 1103 210 1171 in
230 1104 350 1175 socios
365 1106 631 1195 ministrosque
645 1105 802 1176 Classici
816 1110 892 1176 tota
907 1107 1000 1176 actio
1015 1105 1200 1196 impende·

169 1219 244 1288 bat.
262 1221 355 1290 Cum
376 1221 498 1292 Plinio
519 1222 696 1293 Lucceius
717 1221 875 1294 Albinus
896 1222 1041 1294 Baticis
1061 1221 1198 1310 aderat,

170 1336 227 1406 vir
246 1336 284 1406 in
307 1337 460 1408 dicendo
481 1339 666 1428 copiosus
687 1343 854 1424 ornatus,
871 1343 906 1410 et
926 1359 1035 1428 quem
1051 1338 1199 1410 Plinius

170 1452 429 1524 ardentissime
458 1455 615 1526 amabat.
647 1455 782 1544 Ingens
816 1460 850 1524 et
882 1455 1054 1526 varietate
1091 1435 1199 1545 plena

171 1574 408 1654 nausearet,
443 1591 524 1659 quae
554 1570 670 1642 multa
704 1571 857 1642 crimina
885 1591 1198 1661 numerosumque

170 1705 317 1755 reorum
336 1705 466 1776 agmen
482 1687 790 1777 complecteretur.
810 1687 958 1757 Plinius
974 1686 1081 1758 modo
1097 1705 1201 1756 aceu-

173 1805 286 1882 sator,
307 1803 415 1872 modo
433 1807 625 1894 patronus
654 1803 731 1874 siue
758 1803 801 1872 de
830 1789 993 1873 Classici
1015 1803 1200 1875 ministris

171 1922 208 1988 et
227 1917 351 2001 sociis,
374 1919 451 1988 sive
465 1919 509 1988 de
525 1919 605 2010 ipsa
620 1940 731 1990 uxore
751 1920 900 2008 filiaque
920 1924 1098 2009 ageretur,
1109 1919 1199 1990 adeo

171 2053 343 2122 magnam
371 2034 586 2124 eloquentiae
614 2035 846 2124 impensam²
871 2039 996 2106 contra
1014 2035 1200 2106 validissi-

172 2169 254 2218 mos
293 2155 453 2220 oratores
494 2156 529 2222 et
564 2153 602 2222 in
635 2152 764 2242 primis
798 2151 962 2222 Salvium
996 2151 1199 2222 Liberalem

171 2265 270 2349 fecit,
291 2270 332 2335 ut
360 2267 440 2356 ejus
473 2267 707 2351 industriam,
729 2267 851 2351 fidem,
879 2267 1203 2355 constantiamque,

174 2387 326 2452 senatus
345 2381 563 2473 plenissimo
576 2384 787 2456 testimonio
808 2383 1094 2473 comprobaverit
1105 2384 1131 2451 ³.

220 2500 345 2588 Usque
364 2499 410 2569 ad
434 2501 529 2572 hanc
548 2501 644 2572 diem
665 2501 704 2569 in
729 2499 805 2570 illis
822 2500 1041 2590 capitalibus
1062 2499 1199 2584 causis,

173 2635 255 2702 quae
272 2614 315 2684 de
330 2616 499 2705 peculatu
515 2622 581 2692 aut
596 2616 639 2688 de
652 2617 688 2688 vi
704 2635 825 2688 coram
840 2620 970 2685 senatu
986 2616 1199 2706 agebantur,

174 2751 318 2820 semper
331 2732 619 2821 provincialibus
639 2737 764 2804 contra
783 2731 1024 2821 proconsules
1051 2731 1199 2803 Plinius

173 2845 341 2915 adfuerat
362 2866 370 2916 ε
392 2867 476 2916 mor
496 2848 616 2934 (auno
633 2847 699 2920 103
712 2847 769 2918 vel
797 2847 875 2930 104,
901 2850 942 2916 ut
961 2851 1065 2937 putat
1085 2845 1200 2918 Mom-

173 2981 281 3032 msen
303 2962 342 3051 ἢ)
384 2962 529 3034 lulium
567 2963 727 3032 Bassum
768 2961 1030 3052 proconsulem
1074 2963 1201 3033 contra
1308 3017 1311 3022 .

173 3077 356 3165 Bithynos
381 3077 554 3148 defendit.
573 3079 714 3148 Bassus
736 3082 811 3146 erat
830 3078 942 3148 homo
967 3077 1064 3146 clara
1094 3081 1199 3166 geute

175 3194 240 3282 qui
260 3194 376 3264 multa
399 3195 468 3264 sub
488 3193 716 3285 Vespasiano
745 3214 786 3262 ac
807 3193 1018 3264 Domitiano
1042 3192 1205 3284 pericula

175 3309 328 3396 inierat3
351 3315 510 3380 ceterum
524 3309 613 3384 vir«
635 3309 883 3380 incustoditus
904 3309 1017 3378 nimis
1034 3308 1203 3378 etincau·

206 3619 216 3654 ¹
234 3619 274 3669 Ad
289 3622 448 3684 exemplum
462 3623 556 3670 tamen
571 3619 756 3684 pertinentem
768 3632 830 3669 eam
844 3616 979 3668 nominat.
993 3615 1048 3682 Ep.
1067 3618 1109 3682 VI,
1122 3617 1164 3674 29.

205 3698 262 3748 ’lu
277 3700 356 3763 epist.
372 3699 416 3758 lli,
439 3701 463 3750 l.
485 3699 592 3750 Plinius
611 3689 807 3750 Macrino''suo
826 3698 981 3749 orationem
1005 3697 1099 3761 mittit,
1122 3711 1207 3762 quam

175 3785 290 3828 veretur
302 3793 337 3829 ne
347 3780 497 3830 immodica
507 3784 629 3842 putetur,
645 3783 674 3830 et
687 3793 763 3842 saepe
781 3779 911 3841 incipere,
926 3791 1001 3841 saepe
1020 3778 1149 3850 desinere
1168 3778 1209 3828 vi-

175 3861 282 3909 deatur.
300 3860 449 3909 Gesnerius
473 3860 545 3910 hanc
565 3861 670 3910 essem
686 3859 840 3909 Classicum
860 3859 1015 3908 orationem
1033 3858 1131 3921 credit,
1154 3871 1207 3910 nec

174 3937 292 3989 forsitan
307 3939 456 3988 immerito.

207 4019 220 4052 ³
236 4019 301 4068 llaec
317 4019 412 4068 omnia
423 4020 452 4068 in
466 4019 549 4084 epist.
568 4019 642 4082 111,9
656 4034 690 4070 ex
702 4019 798 4069 ordine
810 4021 970 4070 narrantur.

207 4099 218 4132 ⁴
234 4099 380 4148 Massonus
388 4112 461 4149 anno
472 4099 517 4149 llll
531 4113 644 4151 causam
656 4100 709 4150 Juli
720 4099 797 4150 Bassi
809 4099 892 4150 refert
902 4098 980 4163 (Vita
988 4095 1074 4148 Plinii
1083 4096 1205 4161 minoris,

175 4179 352 4230 Amsterdam
365 4177 449 4242 1709).
