3086 4970
626 499 803 566 ,15-

205 637 242 704 in
268 637 446 706 futurum.
464 639 682 708 Rectissime
699 639 741 708 de
757 640 982 729 Panegyrico
1010 639 1101 709 dixit
1123 642 1163 710 C.
1187 641 1229 710 de

204 751 240 820 la
260 753 384 842 Berge,
401 753 500 822 hunc
525 758 692 823 nontam
714 755 980 844 Panegyricum
1001 775 1095 838 esse,
1120 776 1230 844 quam

205 867 303 955 quod
328 888 426 937 nunc
454 869 658 959 appellatur
681 869 857 952 Adresre,
886 869 949 938 ubi
974 871 1151 961 principis
1170 892 1232 960 po,-

203 988 318 1052 testas
349 985 536 1054 voluntate
568 987 736 1073 votisque
763 985 1009 1074 subjectorum
1036 987 1230 1076 paululum

205 1103 461 1190 temperaturl.
480 1100 627 1170 Plinius
645 1101 783 1170 scilicet
798 1122 871 1170 non
890 1102 1011 1170 solum
1027 1103 1229 1192 Traianum

204 1216 378 1286 laudibus
400 1216 553 1300 extollit,
582 1218 645 1286 sed
662 1217 822 1287 ostendit
843 1218 955 1286 simul
976 1217 1111 1288 futuris
1131 1219 1230 1309 prin·

205 1332 362 1421 cipibuS,
384 1353 468 1421 quae
488 1333 602 1402 vitare
622 1332 789 1417 debeant,
811 1354 856 1402 ne
872 1334 1083 1402 memoriam
1103 1355 1229 1404 eorum

204 1447 363 1537 publicae
383 1449 650 1518 exsecrationes
677 1452 960 1538 prosequantur,
983 1471 1068 1538 quae
1091 1470 1227 1539 gerere,

204 1569 245 1634 ut
272 1564 446 1634 laudibus
472 1563 742 1648 consocientur,
760 1564 895 1652 quibus
921 1565 1124 1654 Trajanum
1147 1587 1230 1656 pos-

203 1679 330 1748 teritas
371 1679 574 1748 cumulabit
592 1700 602 1766 ;
637 1679 689 1748 sic
727 1680 824 1748 enim
863 1680 1229 1750 senatusconsultum

204 1795 474 1884 interpretatur,
487 1795 551 1883 qui
560 1795 711 1883 jubebat
723 1795 858 1884 gratias
873 1795 1028 1885 principi
1045 1797 1229 1866 aconsule

204 1931 285 1980 esse
298 1911 457 2001 agendas
472 1931 479 1980 :
500 1912 582 1980 «Ex
593 1910 749 1980 utilitate
764 1911 910 2000 publica
920 1911 1071 2000 placuit,
1081 1917 1134 1996 ut,
1147 1933 1229 1982 con-

206 2026 300 2095 sulis
321 2046 419 2109 voce,
443 2026 512 2095 sub
527 2026 635 2095 titulo
655 2025 856 2115 gratiarum
875 2027 1112 2115 agendarum,
1141 2027 1230 2098 boni

204 2142 386 2232 principes
407 2163 487 2230 quae
509 2141 671 2210 iecerunt
691 2146 1007 2231 recognoscerent,
1029 2141 1117 2211 mali
1145 2163 1229 2231 quae

204 2259 319 2328 iacere
335 2259 539 2328 deberent&
565 2285 578 2319 1
608 2260 733 2346 Neque
754 2258 792 2326 in
811 2262 886 2327 toto
908 2278 1012 2348 opere
1028 2259 1228 2347 Trajanum

204 2374 284 2445 ideo
304 2373 453 2444 laudare
479 2373 635 2456 videtur,
667 2374 719 2442 uti
752 2374 935 2462 Trajanns
959 2373 1142 2457 laudetur,
1165 2373 1228 2443 sed

204 2490 312 2559 etiam
341 2490 395 2558 uti
421 2488 565 2560 venturi
592 2489 776 2578 principes
798 2489 916 2557 sciant
936 2489 1118 2578 quomodo
1139 2490 1229 2560 velit

202 2606 410 2696 respublica
429 2605 692 2688 administrari,
719 2605 892 2694 favorque
922 2605 1111 2695 popularis
1146 2626 1229 2675 con-

204 2722 332 2807 ciliari,
354 2723 466 2791 immo
486 2721 647 2804 hercule,
670 2727 710 2790 nt
734 2722 812 2810 ipse
838 2722 1022 2810 Trajanns
1053 2723 1091 2791 in
1116 2722 1229 2794 virtu-

202 2838 303 2907 tibus
319 2859 509 2928 nunquam
530 2837 674 2908 desinat
694 2857 936 2927 perseverare.
960 2836 1065 2918 Quod
1090 2837 1121 2906 si
1142 2839 1229 2906 hinc

203 2955 467 3044 Panegyricum
503 2954 782 3044 prospiciemus,
818 2954 942 3022 minus
977 2953 1226 3037 fastidiosum,

202 3071 393 3161 magisque
412 3070 599 3161 proposito
626 3069 939 3139 accommodatum
961 3069 1225 3158 judicabimus.

202 3187 268 3256 Vel
289 3207 371 3257 cum
396 3186 601 3270 blanditiis,
623 3186 759 3275 quibus
784 3186 924 3275 saepius
955 3186 1131 3270 inficitur,
1153 3207 1227 3255 non

200 3309 377 3392 tanquam
412 3303 506 3373 servi
538 3302 582 3370 ad
616 3302 834 3391 obsequium
868 3301 984 3390 parati
1016 3322 1127 3391 opus,
1164 3301 1227 3371 sed

201 3419 324 3508 potius
346 3419 449 3503 civiS,
471 3418 598 3507 patriae
620 3438 699 3487 suae
716 3417 832 3487 bonos
849 3417 1085 3505 imperatores
1102 3421 1228 3506 optan-

201 3534 264 3619 tis,
287 3538 445 3626 apparet.

245 3651 328 3719 Jam
348 3654 440 3734 tum,
456 3654 496 3718 ut
524 3649 569 3719 ad
597 3651 790 3720 rhetoricae
809 3649 919 3719 verba
939 3647 1096 3731 redeam,
1126 3654 1160 3717 11
1184 3649 1226 3718 de

201 3766 412 3836 inventione
440 3766 656 3854 Panegyrici
687 3765 830 3854 loquar,
861 3764 1046 3834 uberrima
1076 3764 1227 3833 materia

202 3903 282 3952 sese
310 3882 405 3951 ultro
438 3883 620 3965 offerebat,
642 3902 752 3971 quam
785 3902 877 3972 opus
913 3885 987 3950 erat
1020 3901 1094 3950 non
1122 3899 1226 3969 argu·

231 4071 239 4104 ¹
259 4069 285 4118 C.
304 4071 338 4120 de
350 4069 377 4120 la
386 4071 471 4133 Bergo
485 4071 537 4132 (op.
554 4070 620 4133 cit),
636 4071 692 4120 252).

230 4150 241 4183 ⁹
257 4150 329 4201 Pan.
348 4151 378 4213 4;
394 4151 427 4200 cl.
445 4150 528 4199 etiam
542 4149 583 4201 ”13
