3086 4970
623 514 801 583 .-43...

203 660 348 725 tantum
376 640 581 746 perspicere
611 655 783 738 conabor,
810 655 932 744 qualis
967 654 1114 728 Plinius
1153 675 1217 728 ora

203 772 600 860 torfuerit,quomod0,
611 777 652 841 ut
666 778 805 843 veteres
818 771 1010 844 rhetoricae
1030 771 1232 846 divisiones

205 908 395 979 usurpem,
413 889 452 958 in
477 890 701 972 inventione,
719 889 757 956 in
779 888 1034 978 dispositione,
1055 887 1095 958 in
1114 887 1233 958 elocu-

204 1004 304 1074 tione
320 1010 502 1094 praecepta
521 1005 784 1094 magistrorum
804 1025 844 1072 ac
868 1004 1074 1094 praesertim
1089 1004 1233 1084 Quinti·

202 1119 293 1190 liani
321 1120 432 1190 fuerit
461 1125 670 1202 exsecutus,
688 1119 818 1190 deinde
840 1140 883 1190 ex
910 1119 1012 1208 quali
1034 1119 1231 1192 verborum

204 1235 358 1305 artificio
375 1240 460 1304 nata
481 1236 529 1305 sit
549 1236 626 1319 illa,
648 1236 691 1306 de
712 1256 895 1325 quanunc
911 1236 1043 1325 agitur,
1059 1235 1231 1324 eloquen-

202 1352 266 1424 tia.

248 1469 290 1536 In
310 1467 597 1540 demonstrativo
617 1487 759 1556 genere,
781 1467 985 1556 praesertim
1013 1467 1052 1538 in
1071 1487 1229 1557 panegy-

203 1583 291 1666 rico,
331 1583 431 1654 haud
466 1603 636 1672 magnam
667 1587 806 1672 partem
837 1583 1040 1654 inventioni
1071 1583 1231 1672 relinqui

204 1717 353 1770 necesse
383 1702 461 1769 est:
496 1717 582 1766 nam
608 1695 870 1786 propemodum
895 1697 1121 1787 argumentis
1156 1719 1230 1772 non

203 1834 297 1903 opus
311 1818 379 1896 est,
406 1833 490 1882 cum
510 1833 584 1882 non
603 1813 812 1882 voluntates
832 1813 1026 1884 hominum
1039 1813 1181 1886 flectere
1197 1819 1231 1885 et

204 1950 277 2018 quo
303 1929 393 2000 velit
418 1928 548 1998 ducere
579 1932 700 1997 orator
720 1933 890 2015 conetur;
922 1949 1039 2017 neque
1064 1949 1158 2020 opus
1179 1934 1235 2002 est

204 2047 320 2118 multo
342 2046 479 2128 dolore,
501 2066 573 2133 quo
605 2046 717 2114 animi
747 2045 1018 2133 perturbentur,
1041 2065 1124 2116 oum
1152 2048 1230 2114 tan-

202 2167 281 2232 tum
298 2162 343 2232 ad
367 2161 596 2230 audientium
620 2162 843 2250 voluptatem
868 2161 991 2230 onmia
1011 2162 1227 2251 pertineant.

203 2279 245 2348 ln
276 2277 441 2348 moribus
474 2281 596 2346 autem
628 2296 774 2345 summa
812 2275 1001 2364 diligentia
1033 2280 1090 2345 est
1126 2277 1230 2349 adhi-

203 2393 347 2480 benda3
379 2412 496 2480 neque
522 2393 620 2462 enim
633 2411 765 2480 magna
784 2411 843 2460 res
860 2391 980 2480 agitur
999 2412 1116 2480 neque
1136 2393 1230 2482 capi-

203 2510 314 2596 talis:
341 2513 492 2580 nonest
520 2529 606 2577 reus
633 2528 742 2596 quem
775 2507 923 2597 perdere
954 2507 1011 2576 vel
1038 2507 1229 2578 defendere

204 2625 415 2708 debeamnS,
432 2645 507 2694 non
523 2623 667 2712 judices
691 2644 784 2712 quos
805 2623 961 2706 flectere,
976 2644 1051 2693 non
1077 2629 1228 2696 senatus

203 2762 311 2829 quem
324 2741 520 2830 impellere.
536 2741 654 2809 Homo
674 2744 818 2809 tantum
850 2740 894 2808 ab
923 2740 1073 2808 homine
1101 2740 1228 2811 lauda·

201 2863 263 2928 tur
273 2879 282 2945 ;
299 2861 471 2946 totusque
492 2856 679 2926 laudantis
695 2856 843 2924 animus
864 2856 902 2924 in
918 2856 987 2925 hoc
1003 2856 1225 2940 intendetur,

203 2978 244 3043 ut
257 2974 422 3063 proprias
442 2972 663 3060 laudatoque
680 2972 973 3042 accommodatas
990 2971 1118 3040 laudes
1130 2973 1229 3042 inve·

203 3091 292 3158 niat.
328 3090 370 3158 In
402 3089 532 3179 primis
564 3109 713 3158 necesse
746 3093 801 3157 est
831 3108 974 3177 parcere
995 3087 1229 3158 mollissimis

203 3204 370 3288 auribus
387 3205 606 3293 laudemque
643 3205 795 3274 solerter
824 3205 861 3272 in
894 3204 1024 3272 intima
1045 3203 1230 3272 audientis

202 3321 401 3409 praecordia
424 3321 627 3403 insinuare,
655 3341 730 3389 non
750 3321 1032 3408 intemperanter
1060 3320 1229 3388 immodi-

203 3456 282 3505 cam
296 3435 467 3525 proferre,
483 3455 567 3524 quae
591 3435 763 3504 ruborem
790 3434 844 3502 ori
871 3433 1073 3503 suffundat.
1097 3435 1139 3505 In
1159 3436 1229 3504 hoo

202 3557 323 3621 tamen
345 3553 504 3634 Plinius
527 3572 740 3640 quanquam
766 3549 925 3618 multum
950 3569 1104 3619 acumen
1131 3551 1230 3640 inge-

202 3668 254 3737 nii
276 3667 437 3751 haberet,
455 3688 572 3756 neque
596 3667 638 3736 de
664 3667 744 3755 ejus
758 3667 912 3734 honesto
927 3665 1098 3754 civilique
1116 3687 1229 3735 sensu

203 3783 368 3852 dubitare
407 3784 611 3873 possimus,
652 3782 802 3851 omnino
833 3801 975 3850 errasse
1006 3785 1040 3849 et
1058 3801 1228 3871 peccasse

200 3899 355 3968 videtur.
379 3898 475 3980 Quid
497 3899 629 3968 dixerit
656 3899 695 3966 in
725 3903 868 3979 senatu,
895 3896 1104 3984 nescimus;
1141 3918 1227 3985 quae

201 4022 285 4084 vero
326 4015 472 4104 scripsit
500 4014 704 4104 dicavitque
738 4015 909 4104 Trajano,
944 4034 1085 4104 nosque
1118 4014 1227 4086 hodie

201 4130 386 4221 legimns,
416 4130 567 4199 minime
612 4130 867 4220 congruentia,
909 4150 1026 4218 neque
1069 4131 1225 4220 principi
