3086 4970
325 591 483 666 dederat.
513 594 608 664 Hino
627 588 745 685 putidi
765 595 951 683 nimisque
970 591 1148 684 elegantis
1170 593 1352 664 sermonis

325 733 449 797 amor,
478 713 565 781 hino
594 711 831 801 cogitationes
850 729 974 781 vaotlae
1003 715 1039 779 et
1065 711 1213 793 inaneS,
1241 710 1292 778 ita
1312 713 1354 778 ut

327 827 580 910 Quintilianus
596 827 639 898 de
657 849 732 897 suae
747 829 865 897 aetatis
879 827 1086 896 oratoribus
1101 826 1227 896 verius
1241 819 1354 894 dixis·

330 949 409 1014 set:
432 963 506 1014 non
526 947 582 1014 est
601 948 728 1034 pectus
751 943 849 1033 qnod
870 943 1028 1012 disertos
1050 942 1148 1026 laoit,
1171 941 1235 1012 sed
1256 941 1354 1030 inge·

329 1062 446 1131 nium.

374 1177 433 1247 Sto
453 1174 492 1246 in
511 1177 616 1266 pejus
641 1175 849 1245 vertebatur
878 1175 1109 1265 eloquentia,
1141 1177 1353 1265 postquem,

328 1288 495 1362 libertate
514 1291 664 1374 amissa,
681 1291 795 1360 unius
816 1291 968 1380 imperio
988 1293 1105 1361 Roma
1124 1309 1249 1380 parere
1271 1309 1355 1359 oon-

331 1405 462 1478 suevit.
484 1408 709 1476 Documento
729 1412 785 1476 est
804 1406 866 1476 ille
884 1407 1041 1476 eximius
1061 1409 1210 1495 tamque
1230 1406 1355 1494 exqui-

331 1523 412 1594 sitis
435 1523 628 1594 sententiis
647 1523 852 1612 praeluoeus
871 1523 928 1593 Do
949 1523 1194 1605 Oratoribus,
1215 1523 1356 1590 sloede

328 1643 449 1708 oensis
467 1645 658 1726 corruptae
677 1640 892 1724 eloquentior
905 1637 1100 1726 Dioloqus,
1125 1638 1189 1727 qui
1214 1635 1353 1720 Tacite,

330 1752 625 1838 necimmerito,
655 1756 696 1822 ut
727 1753 894 1837 videtur,
927 1752 1088 1822 adscribi
1123 1753 1227 1822 solet.
1259 1753 1355 1822 Hine

329 1870 428 1941 enim
447 1872 594 1960 apparet
620 1871 782 1958 quantus
798 1869 942 1939 dicendi
963 1889 1065 1938 amor
1084 1868 1205 1938 adhue
1229 1869 1354 1938 Romae

329 1987 478 2075 vigeret,
499 1985 703 2074 praesertim
722 1988 918 2074 postquam
939 1985 1072 2054 Graecae
1093 1988 1189 2054 artes
1204 1985 1243 2052 in
1263 1984 1355 2053 enti-

330 2119 441 2190 quam
474 2099 626 2170 Catonis
660 2099 788 2169 urbem
820 2100 1068 2187 defluxerunt3
1105 2103 1243 2189 quanta
1269 2119 1355 2170 vero

329 2217 588 2306 impedimenta
630 2221 664 2284 et
701 2216 863 2306 pericula
903 2215 1150 2304 eloquentiam
1191 2215 1356 2305 undique

332 2333 552 2422 stringerent
571 2336 605 2401 et
621 2335 836 2402 coercerent.
859 2334 1012 2402 Frustra
1032 2334 1081 2402 M.
1104 2333 1212 2422 Aper,
1231 2332 1355 2402 furore

332 2447 490 2537 quodam
511 2448 635 2517 divino
663 2447 877 2532 instinctus,
899 2448 1064 2518 oratoriae
1089 2449 1178 2517 artis
1202 2447 1357 2538 dignita-

329 2569 403 2633 tem
433 2567 467 2632 et
498 2563 633 2652 gaudia
666 2563 822 2632 celebrat
853 2565 1094 2652 hortaturque
1126 2565 1282 2653 juvenes
1316 2567 1357 2632 ut

330 2681 428 2748 viam
441 2678 646 2748 honoribus
667 2683 701 2748 et
719 2677 904 2769 voluptate
926 2680 1072 2769 plenam
1088 2679 1353 2770 ingrediantur.

331 2793 492 2864 Messala
518 2795 640 2863 autem
660 2813 792 2864 oausas
809 2795 952 2864 abunde
970 2794 1124 2884 explieat
1144 2814 1209 2864 our
1233 2795 1358 2864 omnia

332 2932 352 2979 a
379 2914 497 2979 vetere
517 2908 632 2998 gloria
652 2909 961 3000 degeneraverint,
988 2912 1023 2980 et
1052 2931 1139 2994 our,
1168 2930 1251 2980 eum
1281 2913 1356 2980 tam

332 3026 440 3094 multi
461 3026 577 3094 dicere
606 3026 809 3110 enitantur,
836 3031 912 3094 tam
938 3045 1074 3115 paucos
1107 3027 1264 3115 reperire
1294 3027 1354 3110 sit,

332 3141 395 3229 qui
409 3141 499 3210 bene
513 3140 647 3210 dicant.
658 3141 823 3230 Denique
835 3143 1024 3212 Maternus
1039 3144 1216 3229 tanquam
1227 3141 1357 3211 funere

332 3256 548 3345 eloquentiae
561 3255 673 3340 ducit,
685 3259 719 3326 et
730 3258 825 3326 hauo
836 3258 1357 3346 tristissimamoogitationem

333 3372 448 3456 affert,
474 3372 621 3441 nullum
640 3372 760 3442 locum
789 3393 870 3442 esse
896 3367 984 3442 huio
1006 3373 1076 3441 arti
1097 3372 1166 3441 sub
1185 3373 1357 3463 principi-

332 3486 417 3571 bus,
434 3506 518 3556 oum
533 3507 660 3557 omnes
681 3488 719 3555 iu
740 3489 960 3577 obsequium
989 3488 1102 3557 unius
1124 3489 1200 3556 sint
1226 3489 1355 3578 parati,

333 3607 367 3671 et
386 3627 402 3667 <r
419 3603 594 3690 quoniam
614 3623 720 3672 nemo
741 3604 866 3673 eodem
887 3607 1045 3693 ternpore
1065 3601 1219 3692 adsequi
1238 3598 1358 3693 possit

332 3739 503 3808 magnam
536 3718 671 3787 famam
705 3723 739 3787 et
771 3739 941 3808 magnam
975 3720 1149 3808 quietem¹
1182 3737 1221 3803 1,
1260 3719 1356 3788 hono

333 3835 459 3904 saeculi
477 3835 534 3904 sui
553 3834 683 3903 saltem
703 3834 913 3903 fruendum.

359 4089 369 4125 ¹
386 4091 458 4142 Diol.
473 4091 507 4141 de
522 4091 596 4140 Orat.
611 4090 650 4141 dl.
