3086 4970
596 531 776 600 ...pp-

177 677 314 758 ornate,
333 673 409 743 sive
424 673 610 758 meditata,
628 673 705 743 sive
722 672 844 743 subita
854 674 1039 764 proferret.
1055 675 1203 745 Adsunt

177 795 267 879 aptae
289 791 494 879 orehraeque
516 789 718 873 sententiae,
739 792 859 879 gravis
881 796 915 860 et
941 790 1070 860 deeora
1098 811 1203 860 oons-

176 906 322 991 truotio,
346 906 515 976 sonantia
539 905 649 976 verba
669 909 703 974 et
727 907 920 994 antiqua...
947 907 1088 976 Senties
1104 907 1203 995 quod

179 1043 257 1112 ego,
274 1023 554 1092 numerationes
575 1023 655 1110 ejus
667 1023 706 1090 in
717 1042 850 1091 manus
872 1023 1095 1112 sumpseris3
1110 1043 1218 1111 quas,

179 1138 285 1207 facile
305 1126 456 1208 cuilibet
471 1142 646 1221 veterum,
665 1149 821 1226 quorum
846 1143 902 1206 est
917 1138 1088 1222 aemulus,
1110 1159 1205 1207 corn-

179 1254 363 1344 parabis¹.
388 1281 402 1316 »
432 1254 598 1342 Denique
625 1252 720 1322 nihil
745 1257 847 1322 tanto
873 1253 951 1324 viro
984 1254 1098 1338 deest,
1130 1254 1204 1323 nisi

180 1370 277 1460 apud
291 1373 430 1441 veteres
444 1371 583 1441 vixisse
599 1390 606 1439 :
625 1397 639 1434 1
654 1370 692 1440 Si
702 1370 797 1439 inter
812 1390 888 1454 161,
904 1390 997 1459 quos
1014 1390 1206 1459 nunquam

180 1487 355 1572 vidimus,
376 1487 576 1570 floruisset,
594 1507 668 1556 non
685 1485 807 1556 solum
825 1487 941 1556 libros
962 1487 1056 1576 11111,
1078 1507 1206 1556 verum

181 1604 290 1673 etiarn
302 1604 478 1694 imagines
492 1603 805 1692 conquireremus.
822 1629 836 1666 »
850 1603 977 1691 Neque
991 1603 1207 1693 Pompeium

181 1720 420 1790 Saturninum
436 1712 571 1803 solum,
590 1718 653 1789 sed
667 1719 878 1808 quindecim
892 1719 950 1790 vol
964 1720 1095 1808 viginti
1113 1719 1206 1789 alios

181 1835 367 1905 similibus
387 1835 561 1905 laudibus
582 1834 734 1918 extollit,
761 1835 812 1903 ita
831 1839 885 1918 ut,
908 1835 940 1904 si
960 1835 993 1904 ei
1017 1835 1207 1905 credideri-

180 1972 280 2036 111111,
301 1973 493 2046 nunquam
512 1956 565 2021 tot
593 1956 627 2021 11
654 1956 730 2020 tam
758 1951 953 2041 praeclaros
975 1956 1137 2021 oratores
1169 1953 1207 2020 in

181 2067 259 2136 ullo
279 2072 439 2158 tempore
459 2069 584 2138 Romae
611 2067 723 2136 simul
747 2067 863 2136 luisse
892 2071 1088 2136 constaret.
1113 2069 1208 2138 Nam
1284 2121 1287 2127 .

180 2188 215 2252 61
241 2183 419 2273 gloriatur
439 2183 536 2273 quod
564 2204 755 2272 nunquam
783 2182 951 2252 liberalia
981 2182 1102 2251 studia
1132 2187 1208 2251 tam

182 2299 373 2389 splendide
394 2301 433 2369 in
450 2300 546 2371 Urbe
566 2299 770 2383 floruerint,
788 2300 886 2389 quod
906 2299 1023 2368 multa
1038 2298 1207 2388 claraque

180 2415 345 2507 exempla
366 2417 440 2486 sint
457 2420 567 2485 tantae
583 2415 817 2484 fecunditatis
828 2417 858 2498 ²,
876 2415 974 2503 quod
989 2418 1064 2485 toto
1080 2435 1207 2485 mense

122 2521 124 2524 ⁴
181 2533 289 2622 aprili
314 2533 419 2602 nulla
445 2533 518 2602 fere
552 2531 631 2602 dies
660 2532 790 2616 fuerit,
828 2552 901 2620 qua
932 2551 1006 2600 non
1040 2531 1208 2601 recitaret

180 2648 340 2736 aliquis³
356 2648 445 2735 (non
459 2668 591 2718 versus
607 2647 728 2730 modo,
751 2646 864 2716 111111
883 2647 1067 2716 orationes
1083 2647 1210 2716 recita-

179 2763 347 2853 bantur);
363 2763 533 2852 denique,
550 2767 591 2832 111
606 2763 729 2832 omnia
743 2783 817 2832 uno
831 2762 940 2832 verbo
955 2761 1206 2852 amplectatur,

180 2879 387 2949 exclamat:
412 2903 428 2947 r
449 2881 546 2963 Non,
576 2900 633 2948 me
658 2878 742 2948 dius
770 2879 895 2971 fidius,
921 2879 1022 2968 ipsas
1042 2879 1207 2948 Athenas

180 3000 257 3064 tam
277 2994 406 3065 atticas
427 2996 615 3065 dixeriml.
640 3021 654 3058 »
677 2996 733 3064 Ad
753 2997 836 3078 hoo,
860 2995 956 3064 idem
977 2993 1123 3062 Plinius
1144 2996 1208 3082 qui

181 3112 448 3182 stultissimum
465 3112 665 3201 judicabat,
682 3111 728 3180 ad
743 3110 964 3179 imitandum
980 3131 1055 3179 non
1070 3111 1207 3201 optima

180 3250 335 3319 quaeque
350 3249 562 3319 proponere,
584 3229 720 3316 quique
742 3247 780 3296 se
799 3226 984 3296 veteribus
998 3227 1206 3295 oratoribus

179 3345 346 3415 aemulari
365 3345 568 3435 saepissime
581 3344 830 3433 profitebatur,
842 3342 976 3411 litteris
987 3342 1205 3431 gratulatur,

179 3461 278 3550 quod
294 3462 449 3550 juvenes
473 3460 586 3530 Plinii
607 3459 772 3548 vestigiis
793 3460 989 3541 instantes
1012 3459 1206 3546 Plinioque
1251 3510 1254 3516 .

180 3577 553 3647 aemulantesviderit.
1211 3572 1214 3577 ’

224 3694 415 3764 Contraria
445 3713 533 3763 sane
560 3693 638 3762 haec
665 3697 773 3781 atque
804 3692 899 3761 inter
927 3711 965 3760 se
989 3692 1204 3780 pugnantia.

209 3948 218 3982 ¹
233 3947 288 4010 Ep.
309 3948 330 4010 I,
347 3947 389 3997 16.

209 4027 277 4076 ⁹'Id.
295 4027 374 4090 1,10.
476 4059 481 4070 ·

208 4105 280 4156 ³101.
298 4107 318 4166 1,
334 4107 376 4157 13.

208 4187 218 4220 ⁴
237 4187 283 4239 Id.
304 4187 345 4248 lV,
360 4187 386 4238 3.
