3034 4970
764 545 941 613 ...86-

344 687 493 774 quentia
512 686 725 757 laborabat:
748 687 860 754 immo
877 685 1002 754 Cicero
1019 685 1097 774 ipse
1118 684 1280 771 (etiamsi
1303 683 1381 752 hoc

343 818 482 896 111111
502 803 703 886 videbitur,
736 801 855 871 dicam
879 803 1043 890 111111),
1076 804 1118 869 11
1151 799 1379 888 eloquentiae

345 941 521 1010 inagnum
544 919 655 988 decus
680 917 864 1000 attulerat,
892 918 1076 986 orationes
1100 915 1284 999 habende,
1321 914 1380 986 sic

346 1037 487 1106 invitus
506 1034 611 1104 valde
632 1037 825 1117 nocuerat,
853 1054 937 1102 oum
960 1033 1076 1102 libros
1092 1035 1137 1101 de
1158 1031 1321 1104 Oratore
1343 1035 1380 1100 et

346 1155 484 1220 ceteros
511 1151 553 1219 de
573 1149 753 1219 rhetorica
775 1153 849 1218 arte
877 1148 1065 1218 edidisset.
1089 1150 1244 1218 Frustra
1266 1147 1306 1216 in
1325 1147 1378 1216 iis

346 1265 550 1336 Antonium
569 1265 782 1348 induxerat,
804 1265 867 1354 qui
887 1265 973 1354 plus
992 1264 1139 1354 ingenio
1160 1283 1272 1352 quam
1292 1262 1378 1334 doo-

347 1383 445 1451 trina
465 1382 600 1452 oratori
627 1401 720 1471 opus
750 1401 831 1450 esse
850 1381 999 1450 rebatur
1011 1401 1021 1467 ;
1053 1381 1093 1450 in
1122 1383 1378 1470 1110111111-

345 1519 429 1567 men
449 1495 591 1587 primus
621 1498 716 1566 hanc
743 1497 990 1587 eloquentiam
1018 1496 1227 1586 redegerat,
1262 1516 1376 1584 quam

344 1615 423 1704 ipse
448 1614 565 1702 magis
585 1613 624 1681 in
645 1613 722 1683 1010
743 1633 854 1701 quam
873 1613 912 1681 in
931 1612 1091 1682 externis
1118 1611 1257 1681 scholis
1281 1611 1376 1680 didi-

347 1733 455 1798 cerat.
484 1727 577 1797 Dein
605 1728 770 1797 rhetores
798 1727 963 1797 officinas
997 1726 1142 1796 dicendi
1171 1725 1374 1815 juvenibus

346 1847 579 1934 aperuerant3
607 1843 715 1912 multi
735 1843 778 1913 de
797 1843 977 1912 rhetorica
997 1843 1219 1932 scripserant
1230 1863 1254 1928 ;Ι
1274 1841 1375 1911 1111-

347 1981 416 2049 que
438 1960 691 2041 Quintilianus
711 1960 750 2028 in
771 1959 914 2029 eximiis
935 1959 1083 2048 quidem
1108 1963 1142 2028 11
1168 1979 1234 2048 pro
1266 1962 1374 2028 aetate

323 2068 327 2078 '
346 2077 495 2166 optimis
515 2079 559 2144 de
571 2075 817 2147 Institutione
834 2075 941 2144 libris
962 2079 1141 2145 oratorem
1156 2075 1201 2144 ab
1221 2075 1373 2148 incuna-

344 2193 443 2262 bulis
464 2211 583 2281 usque
598 2191 644 2261 11
658 2191 853 2282 perfectam
868 2191 1084 2281 eloquentiae
1099 2191 1248 2261 laudem
1264 2191 1373 2260 duxe-

344 2314 412 2380 rat.
449 2309 518 2380 Sed
552 2312 640 2396 quot
676 2312 857 2398 praecepta
901 2308 1082 2398 discipulo
1117 2307 1367 2396 exsequenda!

345 2430 434 2514 quot
451 2426 551 2514 leges
571 2425 662 2493 bene
676 2423 868 2512 loquendi!
885 2445 996 2514 quam
1010 2425 1112 2494 varia
1127 2428 1161 2494 et
1180 2423 1372 2513 multiplex

346 2541 564 2630 disciplina,
586 2541 644 2609 oui
663 2540 725 2610 vix
743 2541 907 2610 humana
928 2542 1004 2612 vita
1033 2543 1235 2611 sufficeret!
1269 2543 1371 2612 Nun-

346 2676 456 2744 quam
486 2661 561 2724 tanr
590 2656 682 2725 bene
701 2659 831 2725 notum
854 2656 936 2741 1111,
963 2643 1074 2746 quarn
1100 2657 1149 2726 sit
1167 2657 1283 2726 ardua
1311 2676 1369 2725 ars

346 2770 489 2840 dicendi
502 2793 512 2859 3
538 2753 730 2859 nunquam
755 2774 808 2841 tot
838 2774 998 2843 remedia
1026 2773 1137 2842 allata
1166 2771 1368 2841 infirmitati

346 2887 559 2962 dicentium.
577 2887 635 2956 Sic
653 2888 802 2957 retineri
822 2892 857 2956 11
877 2888 1033 2958 stabiliri
1050 2888 1296 2977 eloquentiam
1319 2888 1368 2957 la-

345 3003 492 3073 bantem
519 3003 725 3087 credebant,
755 3004 807 3073 sic
839 3009 963 3073 contra
990 3005 1176 3094 proclivis,
1209 3009 1243 3074 ct
1263 3004 1368 3094 quasi

344 3139 504 3209 praeceps
524 3120 664 3189 ruebat.
682 3121 777 3190 Nam
790 3121 958 3190 oratoriae
974 3121 1042 3188 arti
1057 3120 1255 3204 accidebat,
1272 3119 1367 3210 quod

345 3238 380 3303 et
403 3235 514 3324 epicae
544 3235 647 3325 poesi
678 3227 837 3304 accidere
862 3235 972 3322 solet3
1005 3256 1088 3304 curn
1114 3237 1228 3305 semel
1257 3237 1367 3305 nimis

345 3354 473 3419 notum
489 3354 557 3434 est,
577 3350 760 3440 quomodo
775 3350 912 3420 fabulae
927 3351 967 3420 in
986 3355 1149 3441 poemate
1165 3352 1366 3422 inserendae

346 3465 434 3548 sint,
457 3466 639 3554 quomodo
662 3486 721 3535 res
749 3466 952 3550 tractanda,
968 3466 1172 3556 heroesque
1192 3467 1364 3558 fingendi,

344 3599 429 3648 curn
456 3580 613 3669 denique
634 3581 757 3651 omnia
783 3581 903 3671 operis
927 3583 1080 3652 artificia
1109 3584 1265 3673 scriptor
1292 3588 1368 3652 tan-

342 3811 435 3861 solum
450 3811 618 3862 cothurnum
631 3817 765 3878 vestrum,
780 3817 828 3864 eut
842 3814 946 3864 heroici
960 3815 1092 3865 carminis
1109 3829 1220 3879 sonum,
1234 3816 1284 3866 sed
1303 3814 1367 3879 lyri-

342 3905 442 3942 corum
456 3904 568 3954 quoque
579 3891 790 3957 jucunditatem,
813 3899 841 3944 et
859 3895 1001 3957 elegorum
1014 3896 1152 3958 lasciviae,
1168 3899 1195 3946 et
1213 3897 1368 3946 iamborum

340 3972 564 4035 amaritudinem,
576 3978 604 4023 et
617 3974 848 4038 epigrammatum
860 3975 949 4038 lusce,
960 3978 987 4025 et
997 3989 1204 4040 quamcumque
1216 3978 1300 4026 aliam
1310 3990 1369 4040 spe·

340 4052 413 4102 ciem
437 4052 587 4114 eloquentia
615 4053 728 4116 habeat,
748 4055 970 4116 anteponendam
998 4055 1098 4105 ceteris
1123 4055 1242 4106 aliarum
1267 4056 1368 4106 artium

340 4131 442 4182 studiis
458 4132 553 4182 credo.
562 4169 584 4182 ..
606 4149 619 4181 1
636 4133 697 4197 (lbi.
711 4161 738 4170 -
752 4134 790 4184 Cf.
803 4135 887 4184 etiam
898 4148 957 4196 cap.
971 4133 994 4191 6,
1013 4135 1110 4198 inquo
1124 4136 1196 4199 Aper
1214 4136 1249 4185 de
1270 4136 1368 4200 volup·

341 4215 398 4262 tete
410 4213 533 4261 oratoriae
551 4213 707 4277 eloquentiae
723 4213 854 4278 loquitur.
