3086 4970
615 507 792 577 ..87-

190 674 300 743 quam
321 654 360 722 iu
379 673 492 722 manu
505 653 671 742 prompta
690 650 813 735 habet,
843 655 922 720 turn
944 651 1077 722 Iliades
1106 655 1216 723 scribi

188 789 263 838 non
280 770 357 858 jam
376 772 546 859 possunt.
565 767 625 852 Sic
643 770 861 835 numerator
880 787 1026 838 omnem
1046 768 1217 858 eloquen-

187 886 245 954 tiae
282 889 504 954 structuram
538 886 572 952 et
598 883 705 972 quasi
729 883 939 952 machinam
964 885 1112 973 penitus
1139 907 1216 975 per·
1308 898 1311 910 ·

187 1002 317 1090 spexit,
344 1005 423 1070 tum
444 1020 588 1070 ornnem
606 999 821 1087 eloquentiae
842 1001 1003 1070 animam
1020 1003 1215 1072 evanuisse

183 1116 296 1200 videt,
332 1117 457 1205 nilque
491 1116 586 1183 inter
614 1133 748 1182 manus
773 1114 849 1183 nisi
879 1135 1033 1185 vacuam
1060 1117 1215 1186 formam

184 1233 410 1321 fractamque
431 1230 601 1300 corticem
620 1248 820 1299 remanere.

229 1348 298 1418 Sed
331 1366 642 1437 supervacaneum
671 1349 727 1415 est
755 1346 863 1436 plura
891 1346 935 1416 de
962 1349 1086 1418 eausis
1111 1349 1215 1419 incli-

183 1469 282 1534 natae
302 1463 519 1552 eloquentiae
541 1462 672 1545 dicere,
694 1481 777 1530 oum
800 1463 951 1532 Tacitus
975 1467 1051 1532 tam
1075 1467 1214 1556 magni-

183 1581 248 1649 fice
262 1580 301 1649 in
322 1579 481 1666 Diatopo
500 1583 637 1648 ceteras
658 1577 883 1668 explicuerit.
902 1580 1021 1649 Fuere
1038 1581 1135 1650 enirn
1150 1584 1214 1671 qui

182 1697 221 1764 in
240 1696 309 1766 hoo
333 1699 494 1784 tempore
513 1694 672 1763 viderint
698 1694 851 1778 malum,
873 1715 945 1782 quo
965 1695 1096 1766 litterae
1114 1702 1148 1766 et
1174 1699 1213 1767 in

180 1812 311 1901 primis
342 1811 550 1899 eloquentia
580 1810 817 1896 laborabant;
842 1813 878 1878 at
902 1812 1212 1898 quemadmodum

179 1929 364 2011 viderunt,
387 1927 439 1996 sic
462 1925 665 1995 remedium
686 1925 812 1994 afferre
833 1946 907 1994 non
924 1927 1002 2014 jam
1021 1932 1209 2016 poterant:
1292 2003 1297 2010 ,

180 2065 338 2132 quorum
359 2043 484 2112 'fuisse
505 2043 673 2111 Tacitum
691 2043 782 2111 satis
810 2046 964 2111 constat.
989 2042 1105 2123 Quem
1127 2065 1211 2115 curn

179 2160 315 2244 Plinio,
349 2179 433 2228 curn
464 2158 570 2226 ambo
604 2162 703 2226 arcta
736 2156 983 2226 familiaritate
1022 2160 1209 2250 conjuncti

177 2275 325 2360 fuerint,
340 2295 547 2365 comparare
563 2294 683 2363 operae
698 2274 856 2363 pretium
872 2278 939 2342 est.
961 2275 1111 2345 Tacitus
1128 2279 1207 2365 qui-

176 2392 258 2460 dem
273 2391 311 2460 in
325 2390 532 2478 eloquentia
543 2389 759 2458 clarissimae
773 2389 850 2478 spei
866 2389 1072 2459 destinatus
1089 2390 1205 2462 fuisse

174 2508 385 2595 videbatur3
407 2507 594 2576 nescimus
616 2527 662 2574 an
688 2504 961 2585 Quintilianum
987 2508 1206 2596 magistrum

173 2619 365 2710 habueritj
395 2627 431 2691 at
461 2642 549 2692 sane
574 2621 699 2704 illum,
721 2641 766 2690 ne
787 2621 948 2711 amplius
974 2621 1111 2706 dicam,
1143 2645 1204 2693 au-

172 2741 284 2824 divit,
322 2759 405 2808 oum
439 2738 552 2807 Plinii
585 2737 849 2826 propemodum
882 2738 1036 2827 aequalis
1070 2739 1195 2809 fuerit.

171 2857 221 2925 M.
243 2875 327 2924 vero
343 2855 483 2944 Aprum
500 2857 534 2922 et
546 2852 689 2922 lulium
706 2852 916 2922 Secundum
928 2873 1001 2941 qua
1013 2854 1106 2922 mira
1126 2859 1201 2924 stu-

170 2972 315 3041 diorum
336 2969 636 3058 cupiditateque
657 2967 784 3037 ardore
794 2968 952 3058 juvenili
976 2988 1051 3038 non
1078 2969 1200 3039 solum

169 3085 207 3152 in
224 3085 389 3174 judiciis,
412 3083 475 3153 sed
496 3084 604 3152 etiam
620 3082 718 3153 domi
745 3087 779 3151 et
805 3083 844 3151 in
866 3083 1012 3171 publico
1040 3091 1198 3155 assecta-

166 3207 228 3270 tus
248 3201 369 3285 luerit,
386 3201 517 3290 ipsein
536 3200 642 3269 initio
661 3199 816 3285 Diatopc'
831 3201 1030 3286 testatur¹;
1057 3208 1195 3290 quanto

167 3338 288 3387 amore
309 3325 423 3386 artem
438 3317 568 3387 foverit
581 3319 616 3385 et
628 3315 807 3400 dilexerit,
826 3317 917 3385 satis
933 3337 975 3385 ex
990 3317 1055 3386 illa
1075 3318 1195 3407 splen-

165 3433 361 3502 didissima
394 3432 610 3521 eloquentia
642 3431 852 3500 laudatione
887 3436 1046 3520 apparet,
1082 3453 1193 3521 quarn

163 3550 260 3638 Apro
276 3549 466 3617 attribuit:
488 3568 574 3616 nam
589 3548 668 3616 haec
688 3547 852 3616 ardentia
876 3551 984 3635 atque
1007 3549 1192 3617 exsultan-

162 3667 213 3734 tia
226 3665 337 3735 verha
361 3683 552 3752 nunquam
581 3664 833 3752 excogitasset,
856 3663 888 3730 si
907 3683 981 3731 non
1002 3663 1041 3731 in
1060 3665 1190 3734 intimo

161 3782 267 3852 corde
283 3781 447 3850 eamdem
462 3781 648 3850 flammam
664 3779 784 3848 adhuc
795 3779 977 3869 vigentem
991 3781 1185 3851 sensisset:

161 3904 196 3968 et
221 3897 391 3988 quamvis
410 3918 486 3966 non
511 3897 671 3986 ingenio,
694 3896 758 3966 sed
784 3897 959 3965 memoria
984 3900 1128 3966 tantum
1153 3904 1188 3967 et

190 4170 198 4204 ¹
214 4170 286 4220 viat.
302 4171 334 4220 de
350 4170 424 4219 Orat.
439 4168 467 4219 2.
