3086 4970
593 509 771 578 ..89-

171 649 282 719 verba
292 649 440 740 profert,
451 651 636 740 inquibus
650 650 822 721 nonnulli
834 651 995 722 contenti
1011 651 1203 742 civilisque

172 766 287 836 animi
307 767 486 838 indicium
501 772 778 859 perspexerunt,
794 767 903 858 plena
924 787 1023 852 vero,
1056 772 1098 838 ut
1120 770 1204 858 qui-

172 883 255 952 dem
279 883 371 952 mihi
390 884 548 968 videtur,
574 885 698 954 nescio
719 905 792 974 qua
810 884 903 954 mira
925 884 1101 975 patientia
1114 885 1205 955 tris-

171 999 272 1088 tique
291 1001 560 1072 amaritudine:
594 1028 608 1065 ‹
633 1000 729 1083 Quid
749 1021 842 1091 opus
862 1005 919 1070 est
940 1000 1063 1090 longis
1085 1001 1125 1070 in
1146 1021 1202 1071 se-

175 1119 307 1185 «natu
338 1117 546 1201 sententiis,
580 1136 664 1187 cum
692 1116 821 1207 optimi
849 1117 920 1186 cito
949 1116 1204 1186 consentiant?

176 1259 190 1294 1
218 1231 315 1312 Quid
336 1231 463 1302 multis
483 1231 580 1321 apud
595 1231 773 1322 populum
793 1232 1047 1316 concionibus,
1064 1232 1203 1303 cumde

176 1371 189 1405 ‹
217 1345 404 1436 republica
422 1367 497 1416 non
517 1346 677 1436 imperiti
702 1351 737 1416 et
766 1346 875 1416 multi
904 1346 1118 1430 deliberent,
1139 1346 1204 1418 sed

176 1489 190 1524 1
220 1462 520 1551 sapientissimus
535 1463 707 1532 0111111101
732 1461 830 1544 Quid
849 1461 1071 1532 voluntariis
1101 1481 1205 1532 accu-

177 1605 192 1640 ‹
220 1577 441 1662 sationibus,
467 1598 551 1648 cum
582 1583 657 1648 tam
675 1598 759 1648 raro
789 1582 824 1648 et
852 1583 929 1648 tam
952 1599 1058 1669 parce
1084 1598 1205 1669 pecce-

177 1721 191 1758 1
218 1695 327 1763 111111
349 1721 363 1756 1
385 1695 432 1763 At
447 1694 629 1786 quidquid
643 1694 688 1764 de
702 1714 796 1765 novo
816 1715 940 1764 rerum
965 1699 1065 1764 statu
1091 1696 1205 1766 bono-

174 1829 245 1899 que
262 1811 387 1881 saeculi
404 1811 463 1880 sui
483 1811 635 1881 Tacitus
656 1811 829 1895 senserit,
850 1831 925 1881 non
947 1811 1079 1881 saltem
1100 1811 1208 1881 illum

173 1923 295 1994 illusit
307 1928 536 2024 renascentis
551 1926 621 1997 1011
637 1926 791 2017 speciae,
809 1925 874 1996 sed
888 1930 1009 2017 aperte
1025 1926 1207 1997 intellexit

174 2040 285 2111 finem
304 2061 387 2110 esse
406 2041 511 2110 illius
538 2041 769 2130 eloquentia,
791 2062 864 2131 qua
883 2040 973 2111 olim
997 2043 1114 2112 Roma
1141 2041 1206 2111 flo-

172 2163 309 2240 ruerat,
325 2177 509 2248 quamque
525 2158 604 2248 ipse
624 2177 684 2227 010
706 2177 774 2227 suo
789 2157 988 2247 exprimere
1007 2156 1203 2228 voluisset.

173 2273 313 2362 Itaque,
328 2274 499 2363 quamvis
514 2279 636 2344 orator
648 2274 821 2357 eximius,
839 2273 931 2342 utin
945 2273 1012 2342 tali
1026 2278 1204 2365 tempore,

173 2389 412 2479 omniumque
439 2385 685 2460 'admiratione
714 2391 876 2473 cinctus,
911 2389 1068 2459 obticere
1101 2389 1206 2460 illam

172 2526 311 2590 vocem,
325 2527 398 2596 qua
410 2507 550 2577 Rufum
564 2505 778 2576 laudaverat
797 2505 1042 2594 Priscumque
1057 2524 1206 2574 accusa-

173 2627 287 2712 perat,
307 2643 444 2712 passus
464 2626 533 2707 est,
556 2626 729 2712 totusque
753 2622 793 2691 111
812 2621 1004 2705 historias,
1031 2621 1139 2710 quasi
1166 2622 1202 2691 in

173 2743 339 2828 apertum
358 2737 588 2827 liberumque
609 2757 791 2828 campum,
808 2737 985 2827 confugit.

220 2853 368 2924 Plinius
380 2873 465 2924 1010
480 2873 556 2923 uon
570 2853 690 2924 1011111
704 2873 743 2922 00
754 2858 933 2942 tanquam
948 2874 970 2922 a
985 2853 1120 2923 saeculo
1136 2873 1205 2923 0110

176 2968 377 3053 secludere,
397 2969 597 3059 oculosque
615 2974 761 3038 tantum
788 2969 828 3038 in
854 2969 1104 3059 posteritatem
1129 2988 1207 3038 101-

174 3089 279 3155 tere:
306 3085 438 3154 maluit
470 3105 512 3154 ea
547 3085 720 3175 prasenti
749 3085 867 3174 gloria
899 3084 993 3167 11111,
1025 3105 1136 3173 quarn
1168 3085 1205 3152 in

170 3201 337 3289 judiciis,
353 3201 471 3270 autin
488 3207 632 3285 senatu,
644 3200 851 3290 colligebat,
864 3221 975 3289 quam
991 3198 1153 3289 queadeo
1164 3200 1207 3267 li-

172 3315 343 3386 beraliter
356 3315 460 3385 1111110
476 3317 544 3386 aevi
561 3317 757 3406 scriptores
773 3316 843 3384 sibi
859 3316 1015 3385 invicem
1035 3316 1204 3385 decerne·

173 3431 274 3500 bant.
292 3432 387 3501 Hinc
402 3432 526 3502 omnia
541 3453 622 3522 quae
638 3451 707 3501 nos
718 3432 757 3500 in
773 3431 999 3520 Panegyrico
1014 3430 1205 3500 offendunt

172 3547 262 3617 vitia
274 3547 430 3633 fluxere3
452 3567 582 3638 nempe
598 3547 765 3617 Plinium
778 3546 896 3635 magis
913 3566 1024 3634 quam
1037 3547 1206 3616 Tacitum

174 3667 262 3731 aetas
284 3683 353 3732 sua
371 3663 518 3754 propria
533 3667 620 3733 nota
641 3662 815 3752 signavit,
836 3680 920 3731 cum
947 3661 1010 3730 ille
1030 3662 1207 3731 omnibus

174 3779 286 3847 rebus
307 3799 389 3847 0000
413 3779 626 3862 miscuerit,
648 3779 709 3847 hic
727 3798 813 3849 1010
834 3797 873 3846 00
893 3777 939 3846 ab
957 3777 1006 3846 iis
1027 3782 1206 3867 tanquam

176 3894 407 3964 abstraxerit.
442 3897 569 3983 Neque
596 3893 690 3964 illud
719 3893 872 3962 omnino
892 3893 1015 3963 Plinio
1042 3893 1204 3980 crimini,

177 4011 302 4079 Tacito
332 4014 455 4078 autem
482 4010 584 4079 laudi
611 4015 748 4080 vertere
781 4009 874 4077 mihi
908 4009 947 4077 in
972 4007 1096 4078 animo
1125 4012 1197 4077 001.

207 4199 217 4232 ¹
235 4197 306 4247 niet.
322 4197 356 4245 de
371 4195 446 4248 Orac.
461 4195 500 4248 41.
