3086 4970
609 501 765 566 ..q-

221 642 383 712 Tristius
400 641 556 712 forsitan
578 647 612 711 et
637 643 815 732 injustius
830 647 1058 733 peroraverat
1072 644 1189 714 Mater

176 779 262 842 nus,
292 777 376 828 curn
397 759 643 848 eloquentiam
671 760 830 850 pretium
854 761 1081 850 principatus
1106 779 1201 846 esse,

175 893 373 964 pacemque
404 874 551 946 silentio
578 874 708 944 redimi
739 875 938 945 affirmaret
968 895 976 946 :
1006 893 1092 944 nam
1120 879 1203 965 post

175 1010 312 1080 paucos
328 1011 446 1060 annos
467 995 581 1060 artem
602 989 746 1060 dicendi
770 996 1022 1062 renascentem
1041 994 1075 1061 et
1100 1011 1202 1082 paene

176 1107 215 1174 in
235 1106 429 1194 antiquum
451 1105 682 1195 splendorem
701 1107 910 1175 restitutam
928 1106 1097 1176 vidisset.
1119 1108 1202 1177 Non

176 1221 220 1291 de
245 1221 445 1292 Domitiani
464 1222 670 1312 principatu
697 1223 846 1311 loquor,
874 1242 983 1311 quem
1014 1222 1202 1292 funestum

176 1337 284 1406 bonis
311 1337 402 1406 viris
427 1341 461 1406 et
482 1337 698 1406 liberalibus
720 1338 856 1406 studiis
876 1337 1026 1407 Tacitus
1046 1338 1086 1407 in
1116 1337 1203 1408 Vita

176 1453 369 1540 Agricolae
393 1451 500 1521 nobis
534 1451 716 1542 depinxit¹
748 1473 755 1522 :
789 1458 869 1522 turn
901 1453 1023 1537 enim,
1060 1456 1102 1524 ut
1138 1453 1200 1537 ait,

178 1568 300 1637 omnis
333 1567 429 1637 bona
459 1587 519 1636 ars
554 1567 592 1635 in
626 1567 799 1636 exsilium
836 1572 937 1652 acta,
976 1589 1045 1638 vox
1076 1567 1203 1658 populi
1298 1579 1301 1586 '

177 1684 335 1767 romani,
364 1683 516 1752 libertas
547 1688 712 1767 senatuS,
742 1689 776 1753 et
808 1685 1031 1754 conscientia
1058 1685 1202 1774 generis

177 1801 332 1870 humani
360 1800 498 1869 aboleri
525 1801 756 1870 videbantur.
779 1800 862 1884 Sed,
884 1821 969 1870 cum
997 1801 1084 1870 boni
1104 1801 1204 1890 prin·

178 1915 275 2006 cipes
296 1916 455 2006 quietern
476 1915 605 1985 saltem
625 1920 658 1985 et
680 1917 911 1986 securitatem
927 1917 1070 1987 ciuibus
1085 1917 1204 1986 reddi-

178 2031 322 2116 derunt,
347 2036 435 2101 tunc
466 2032 634 2122 ingenuae
662 2036 771 2115 arteS,
802 2031 943 2101 diutius
964 2052 1199 2123 compressae,

176 2147 277 2218 velut
296 2152 507 2237 eruperunt,
529 2147 618 2217 adeo
637 2150 678 2215 ut
698 2147 763 2215 illa
782 2152 884 2231 aetas,
907 2149 940 2217 si
961 2169 1036 2217 non
1056 2146 1202 2236 ingenio

180 2261 485 2352 splendidissima
518 2266 552 2331 et
578 2262 872 2331 eminentissima
908 2263 1036 2347 luerit,
1072 2261 1202 2331 saltem

180 2379 400 2469 scriptorum
420 2378 647 2448 feracissima
666 2398 748 2447 vere
768 2379 838 2448 dici
860 2383 980 2468 queat.
1002 2380 1203 2466 Nunquam

175 2499 229 2565 tot
247 2495 423 2579 carmina,
443 2495 641 2584 tragoediae,
662 2495 974 2584 hendecasyllabi,
994 2499 1048 2566 tot
1079 2495 1203 2584 cujus-

176 2610 266 2680 libet
280 2611 423 2700 generis
450 2615 617 2700 poemata
636 2612 818 2694 exstitere,
842 2630 1034 2698 nunquam
1053 2613 1107 2679 tot
1125 2610 1204 2678 bis·

176 2727 355 2796 toriarum
378 2726 476 2811 libri,
502 2747 694 2815 nunquam
715 2731 769 2797 tot
788 2727 985 2797 orationes.
1007 2725 1203 2795 Incredibi-

174 2843 225 2912 lis
242 2843 452 2912 studiorum
468 2863 570 2912 amor
583 2843 756 2933 pleraque
776 2844 923 2934 ingenia
946 2842 1164 2912 accendebat
1174 2843 1201 2910 ².

176 2960 271 3029 Tum
298 2959 457 3048 Augusti
479 2958 656 3029 saeculum
681 2961 838 3043 renasci,
859 2963 893 3028 et
913 2959 1069 3029 forsitan
1097 2978 1203 3046 supe-

174 3076 246 3144 rari
274 3075 447 3144 nonnulli
475 3074 689 3159 eredebant,
722 3081 757 3145 et
790 3075 893 3145 valde
924 3074 1201 3164 superbiebant,

174 3191 273 3279 quod
293 3192 451 3280 quisque
466 3211 587 3260 annus
602 3194 678 3259 tam
693 3212 864 3280 magnam
877 3194 1066 3281 poetarum
1081 3194 1115 3258 et
1125 3209 1203 3258 ora-

171 3312 296 3376 torum
318 3311 476 3396 segetem
499 3307 681 3377 atterebat.
706 3307 872 3397 Denique
893 3309 1002 3397 Aper,
1028 3306 1060 3375 si
1082 3305 1218 3374 adbuc¹

171 3423 340 3506 vixisset,
357 3427 514 3492 veterem
530 3423 694 3492 oratoria
716 3424 805 3492 artis
821 3424 974 3512 gloriam
992 3426 1027 3492 et
1042 3421 1203 3496 favorem

173 3559 249 3608 non
265 3539 524 3608 desiderasset.

219 3657 383 3725 Auctane
403 3676 450 3724 an
470 3655 658 3725 deminuta
678 3655 786 3724 fuerit
802 3655 1012 3743 eloquentia
1032 3655 1100 3726 hae
1126 3673 1204 3724 ora-

171 3775 295 3840 torum
324 3771 550 3840 abundantia
579 3791 740 3860 quaerere
773 3791 888 3860 operae
916 3771 1075 3861 pretium
1096 3770 1200 3840 foret.

204 3994 213 4030 ¹
264 3995 268 4005 .
372 3994 376 4004 .

204 4075 215 4108 ²
231 3994 400 4138 133?ngss
414 3994 441 4138 2l,
456 4075 488 4126 10
503 4089 508 4124 :
525 4074 577 4126 uSi
591 4074 702 4138 quando
723 4074 791 4124 urbs
810 4075 906 4122 nostra
922 4071 1083 4122 liberalibus
1106 4069 1206 4122 studiis

173 4155 277 4212 floruit,
293 4155 500 4205 nuncmaxime
513 4155 602 4206 lloret.
620 4171 633 4202 r
