3086 4970
772 525 816 536 ..
839 489 883 557 54
905 527 949 536 -

337 631 604 714 necessariam,
622 634 656 700 et
683 634 807 700 tamen
825 629 973 700 serviat.
1002 631 1201 714 Posthac,
1222 630 1254 699 si
1279 629 1375 700 volet

344 746 469 829 Nilus,
486 751 582 816 amet
598 745 743 816 alveum
761 763 873 814 suum
893 749 926 814 et
944 745 1111 814 fluminis
1130 744 1280 815 modum
1303 765 1375 814 scr-

342 866 403 934 vet
407 913 474 932 .....
508 861 661 952 AEgyptc
683 859 831 950 quidem
860 881 968 950 saepe,
996 860 1059 930 sed
1085 861 1208 952 gloriae
1238 864 1373 930 nostra

346 998 538 1068 uunquam
558 976 694 1068 largior
709 976 846 1046 fluxio.
868 1003 881 1038 a
906 977 1041 1062 Ovidii,
1058 977 1115 1048 vel
1130 978 1253 1068 potius
1268 978 1373 1047 Statii

342 1115 473 1166 versus
487 1093 603 1180 dicaS,
620 1091 792 1184 rhythmo
810 1093 1006 1164 destitutos
1017 1115 1026 1182 3
1045 1094 1170 1165 eadem
1183 1099 1239 1164 est
1259 1094 1373 1163 subti-

344 1211 446 1294 litas,
480 1211 605 1282 cadem
639 1230 757 1302 nugas
789 1210 1016 1300 excogitandi
1045 1210 1218 1294 facultas,
1247 1208 1373 1279 eadem

344 1325 542 1412 industria,
572 1345 644 1416 qua
674 1325 769 1396 seria
788 1324 949 1396 ludendo
967 1331 1181 1396 tractantur.
1207 1327 1283 1397 Nec
1308 1325 1373 1396 du-

344 1441 420 1512 bito
455 1441 545 1532 quin
575 1441 697 1512 Plinio
729 1441 837 1510 amici
864 1441 1100 1533 apploserint,
1130 1445 1164 1511 et
1192 1461 1234 1510 ex
1271 1441 1373 1511 omni

344 1557 517 1630 atulitorii
547 1563 647 1648 parte
675 1558 955 1628 assurrexerint.
982 1558 1125 1628 Scilicet
1150 1577 1265 1647 operat
1294 1577 1372 1647 pre-

343 1675 436 1744 tium
457 1676 545 1758 erat,
577 1675 617 1742 ut
647 1673 735 1744 talia
754 1672 936 1758 audirent,
966 1694 1029 1765 per
1056 1674 1220 1744 triduum
1244 1693 1372 1744 conve-

344 1789 459 1874 nisse,
479 1809 589 1879 seque
607 1789 823 1859 tardissimis
838 1790 1117 1879 tempestatibus
1132 1790 1356 1860 obtulisse.-¹

387 1906 519 1996 Lysias
545 1904 663 1975 dicere
691 1905 830 1974 solebat
858 1905 1047 1995 ingenium
1070 1926 1144 1975 non
1171 1905 1209 1974 in
1232 1906 1368 1990 verhiS,

345 2021 408 2092 scd
436 2022 617 2094 inanimo
639 2021 835 2092 scribentis
861 2021 1195 2112 inessemagnum
1221 2021 1370 2110 quidem

342 2141 440 2232 apud
455 2159 537 2210 eum
554 2137 618 2228 qui
636 2137 795 2206 multum
816 2137 953 2227 ingenii
969 2137 1090 2222 habet,
1107 2157 1259 2227 parvum
1273 2137 1370 2227 apud

341 2255 448 2326 illum
469 2253 531 2344 qui
552 2255 719 2346 parumi.
742 2253 856 2323 Plinii
881 2258 1003 2324 autem
1022 2254 1212 2344 ingenium
1233 2255 1369 2344 saepius

340 2370 379 2440 in
399 2369 521 2442 verbis
549 2369 656 2440 modo
682 2369 894 2440 invenimus
920 2389 927 2440 :
951 2369 1040 2440 adeo
1061 2375 1161 2440 totus
1187 2370 1226 2438 in
1251 2369 1370 2439 elocu-

339 2485 437 2556 tione
450 2484 593 2576 pendet,
612 2489 719 2574 atque
735 2484 922 2555 inauditas
937 2485 1079 2555 dicendi
1095 2485 1231 2555 formas
1249 2486 1369 2576 requi-

339 2600 399 2670 rit.
433 2599 667 2670 Gloriabatur
695 2604 831 2684 tamen,
853 2600 951 2689 quod
981 2602 1126 2671 Graecos
1150 2601 1367 2685 imitaretur,

339 2715 567 2806 forsitanque
596 2716 634 2785 in
655 2717 880 2806 Panegyrico
895 2717 1014 2788 voluit
1028 2738 1112 2788 cum
1126 2718 1283 2788 Isocrate
1309 2719 1367 2788 vel

341 2832 524 2923 Hyperide
554 2832 730 2903 aernulari.
762 2832 830 2902 Sed
852 2833 997 2904 difficile
1025 2833 1159 2904 luisset
1181 2835 1299 2923 magis
1328 2835 1368 2903 in

340 2948 467 3018 ellectu
482 2949 707 3039 peccavisse!
726 2948 803 3017 Hoc
815 2949 912 3020 enim
922 2949 1042 3020 atticis
1053 2949 1281 3020 orationibus
1296 2950 1368 3019 exi-

339 3063 452 3134 rutam
466 3083 573 3134 suam
584 3063 1024 3154 pulchritudinemaiiert,
1038 3065 1134 3155 quod
1146 3066 1272 3136 inillis
1286 3085 1367 3136 sen·

338 3199 482 3270 suspen
510 3181 728 3270 semetipsos
751 3180 908 3270 placent,
929 3202 1004 3251 uon
1019 3201 1083 3272 per
1100 3183 1209 3252 verba
1229 3183 1365 3272 quibus

339 3295 609 3386 exprimuntur,
622 3295 792 3384 quodque
805 3295 925 3386 stylus
940 3297 1105 3369 omnium
1117 3299 1365 3389 probissimus

339 3416 407 3496 cst,
425 3410 609 3500 idemque,
631 3415 671 3480 ut
691 3411 741 3481 ita
761 3411 893 3497 dicam,
913 3412 1134 3503 pellucidus,
1147 3414 1243 3485 intra
1256 3435 1366 3504 quem

339 3526 494 3597 dicentis
519 3526 697 3611 animum,
725 3527 927 3618 simplicem
948 3548 988 3598 ac
1014 3529 1202 3615 nitentem,
1227 3531 1366 3622 perspi-

338 3642 469 3712 cimus.
490 3641 675 3712 llanccine
695 3642 842 3714 laudem
864 3644 907 3714 de
924 3646 1149 3736 Panegyrico
1163 3647 1366 3717 iaciemusl

369 3866 375 3902 ¹
394 3865 467 3918 Pau.
482 3863 515 3917 30
559 3865 576 3916 i.

377 3965 441 4040 ’Ἥ
464 3985 513 4058 γὰρ
535 3980 650 4060 γλῶττα,
667 3985 733 4044 κατά
750 3992 848 4046 Λυσίαν
862 3985 905 4044 τὸν
920 3986 1026 4066 ῥήτορα,
1047 3992 1104 4044 νοῦν
1125 3982 1182 4044 οὔτε
1199 3988 1293 4064 πολύν,
1309 3984 1367 4048 οὔτε

338 4083 425 4159 μικρὸν
444 4081 499 4158 ἷχει
515 4094 522 4109 ·
540 4081 591 4141 ὁδὶ
605 4091 672 4152 νοῦς,
687 4083 707 4160 ᾦ
722 4089 765 4160 μὶν
784 4088 859 4158 πολὺ,
876 4088 962 4160 πολύς,
985 4085 1004 4163 ᾧ
1020 4086 1045 4146 δὲ
1054 4091 1152 4165 μικρὸν,
1167 4088 1262 4165 μικρός.
1279 4143 1282 4148 .

655 4175 756 4243 (Grag.
776 4177 897 4230 Corinth.
918 4180 951 4230 dc
970 4179 1085 4232 Dialect.
1107 4196 1132 4246 p.
1149 4180 1172 4231 4.
1185 4179 1335 4242 Schoeier.)
