3086 4970
591 501 769 572 ..71-

170 666 272 736 paene
290 646 464 718 restituit.
489 645 597 716 Liber
622 645 842 726 Quintiliani
871 649 979 736 quasi
998 655 1197 740 perpetuus

172 763 359 834 Ciceronis
396 763 680 834 commentarius
721 766 776 832 est
786 784 795 849 ;
846 783 963 853 neque
1008 766 1197 838 Ciceronis

169 880 291 964 modo,
309 880 373 950 sed
393 883 428 949 et
449 883 634 950 oratorum
654 879 861 964 atticorum,
891 901 933 952 ex
954 882 1090 970 quibus
1118 885 1198 973 plu-

169 995 265 1064 rima
298 999 463 1084 excerpta
482 993 707 1078 referuntur,
738 1016 903 1084 quosque
927 1001 1103 1088 tanquam
1121 1021 1199 1090 per-

169 1110 262 1180 lecta
288 1111 507 1200 exemplaria
526 1111 721 1200 discipulis
750 1131 848 1201 saepe
867 1116 1070 1204 proposuit.
1098 1117 1198 1186 Idem

167 1229 304 1310 tamon,
322 1226 385 1315 qui
404 1231 563 1298 veterem
585 1226 832 1315 eloquentiam
850 1229 986 1297 recenti
1005 1233 1199 1320 antepone-

168 1343 249 1426 hct‚
281 1343 403 1414 aetatis
432 1363 512 1416 suae
537 1343 672 1413 studiis
698 1349 807 1433 atque
835 1345 943 1414 etiam
975 1347 1078 1418 vitiis
1107 1349 1198 1418 mire

167 1459 457 1530 lenocinabatur.
492 1486 505 1523 1
538 1459 593 1529 Do
625 1460 815 1549 tempori¹‚
848 1487 862 1522 ›
899 1461 1037 1549 aiebat3
1080 1483 1198 1552 neque
1273 1483 1278 1495 ·

166 1594 284 1665 pauca
301 1576 358 1646 vel
379 1575 509 1666 exigua
528 1575 649 1659 dabat,
665 1575 729 1646 sed
748 1575 921 1664 plurima,
943 1582 977 1646 et
997 1577 1041 1648 de
1061 1579 1198 1668 quibus

168 1690 241 1760 sere
270 1691 392 1762 omnis
414 1690 622 1780 eloquentia
653 1691 819 1780 pendeat.
855 1693 914 1762 Sic
939 1694 1051 1764 nimis
1080 1697 1199 1767 rheto-

167 1807 265 1891 ricae,
286 1827 416 1898 parum
444 1807 692 1898 grammaticae
719 1807 898 1895 concedit3
933 1809 987 1878 sic
1019 1815 1198 1881 oratorem

167 1923 212 1994 ab
233 1923 471 1993 incunabulis
492 1923 668 2013 usquead
682 1928 865 1992 maturam
885 1929 1031 1996 aetatem
1048 1929 1200 2017 speciali

166 2038 332 2108 doctrina
358 2039 435 2124 alit,
465 2059 583 2128 noque
602 2038 804 2109 litteratum
827 2041 950 2110 virum
970 2044 1120 2134 effingit,
1142 2045 1194 2116 di-

166 2156 272 2226 cendi
291 2157 463 2250 peritum,
485 2156 550 2226 sed
577 2157 702 2246 potius
723 2157 1017 2228 eruditissimum
1037 2160 1197 2252 discipu-

164 2272 257 2356 lum,
288 2273 389 2342 omni
418 2272 613 2343 verborum
640 2260 793 2342 artificio
822 2274 1020 2346 munitum.
1050 2277 1196 2366 Optima

166 2408 255 2458 sane
283 2389 353 2458 sihi
373 2393 613 2479 proposuerat
640 2388 909 2474 Quintilianus,
940 2395 973 2459 et
999 2390 1196 2463 laetabatur

164 2503 262 2592 quod
279 2505 440 2595 egregios
453 2505 609 2594 juvenes
626 2504 816 2589 formarat,
843 2524 1003 2576 romanae
1023 2508 1195 2598 eloquen-

161 2620 226 2688 tiae
246 2617 413 2690 futurum
429 2621 541 2690 decus
549 2641 558 2708 3
577 2621 663 2690 illos
684 2641 772 2690 sane
793 2620 925 2710 dignos
944 2624 1108 2711 putabat,
1130 2627 1192 2713 qui

162 2735 326 2806 Caesaris
345 2737 403 2808 vel
420 2738 608 2808 Ciceronis
626 2737 793 2826 vestigiis
816 2738 1020 2809 instarent:
1050 2742 1190 2811 utinam

161 2852 270 2922 modo
290 2853 415 2924 nullos
435 2854 558 2923 Plinio
582 2854 724 2943 pejores
751 2853 954 2943 discipulos
976 2855 1188 2926 habuisset!

206 2968 265 3038 Sic
284 2968 432 3038 Plinius
453 2988 597 3058 quoqne
616 2969 657 3038 in
676 2989 908 3038 communem
924 2990 1082 3039 errorem
1100 2972 1191 3042 labi-

159 3087 233 3152 tur.
250 3084 417 3155 Veterem
437 3085 684 3173 eloquentiam
699 3084 913 3168 admiratur,
930 3085 1091 3173 dumque
1110 3087 1190 3157 vult

160 3199 310 3283 imitari,
338 3200 551 3269 recentioris
586 3217 627 3268 ac
658 3198 774 3268 multo
804 3200 940 3289 pejoris
968 3200 1188 3289 eloquentiae

159 3314 366 3405 exemplum
381 3317 531 3406 praebet.
549 3317 586 3387 Si
602 3316 657 3385 illi
674 3315 871 3400 credimus,
889 3337 995 3387 nemo
1016 3323 1072 3387 est
1095 3322 1187 3389 anti—

159 3450 317 3518 quorum
337 3433 529 3516 amantior,
552 3452 657 3502 nemo
672 3449 819 3526 rataeque
839 3461 852 3496 1
876 3434 1030 3503 Tentavi
1049 3434 1185 3504 imitari

158 3531 443 3617 Demosthenem
459 3549 484 3616 ².
513 3571 529 3616 a
554 3590 599 3600 -
635 3578 648 3613 1
681 3551 890 3620 Orationem
924 3549 1184 3622 Demosthenis

156 3677 356 3749 1111111111,
392 3685 475 3734 eum
509 3686 761 3756 componerem
791 3666 937 3736 libellos
968 3667 1011 3736 de
1042 3668 1183 3739 ultione

158 3779 457 3864 Helvidii,hahui
470 3781 508 3848 in
528 3781 715 3866 manibus,
736 3803 810 3852 non
830 3787 871 3850 ut
890 3782 1086 3852 aemularer
1102 3785 1181 3872 (im-

157 3895 314 3984 probum
330 3895 427 3964 enim
440 3916 481 3965 ac
495 3916 600 3986 paene
616 3897 826 3988 furiosum),
846 3899 909 3967 sed
923 3904 1046 3970 tamen
1063 3901 1181 3968 imita-

96 4115 100 4122 ·
186 4101 196 4136 ¹
211 4099 281 4153 Inst.
300 4100 376 4150 Orat.
397 4100 454 4164 llll,
472 4101 515 4154 10.

185 4179 267 4244 1ΕΡ.
289 4181 308 4240 l,
326 4181 352 4232 2.
