3086 4970
748 497 904 567 ..6-

317 639 405 706 aetas
422 655 495 705 non
511 636 675 706 eamdem
691 637 834 706 dicendi
849 636 1029 707 rationem
1052 656 1216 726 unquam
1234 636 1337 708 vidit.

317 748 505 820 Ciceronis
525 752 645 821 adhuc
664 753 822 823 viventis
844 773 918 822 non
943 752 1083 842 integra
1109 753 1247 822 mansit
1266 751 1341 842 glo-

212 865 214 870 '
316 867 384 951 ria,
405 871 440 937 et
464 867 581 952 luere,
609 869 672 957 qui
699 889 737 938 se
757 869 959 939 Miloniana
979 873 1042 938 aut
1069 869 1236 938 Verrinis
1266 889 1340 939 non

317 987 506 1088 coqtentos
538 1005 618 1053 esse
658 986 929 1075 profiterentur,
967 1005 1170 1074 novamque
1210 985 1340 1074 agendi

316 1098 472 1168 formam
495 1100 665 1170 colerent.
689 1102 787 1171 Adeo
814 1099 976 1186 mobilis,
1003 1101 1189 1190 variisque
1217 1121 1340 1172 rerum

316 1215 639 1286 vicissitudinibus
660 1238 822 1288 connexa
841 1218 911 1287 fuit
930 1218 1158 1307 eloquentia!

361 1331 431 1400 Sed
464 1351 547 1400 cum
585 1337 756 1424 perpetua
794 1333 903 1403 luerit
940 1335 1018 1403 baec
1051 1333 1216 1423 pristinae
1250 1334 1339 1402 artis

317 1447 484 1531 mutatio,
505 1447 692 1539 inprimis
712 1450 835 1539 gravis
855 1449 1050 1540 magnique
1071 1449 1246 1519 momenti
1271 1450 1341 1520 fuit

317 1561 411 1631 circa
431 1563 538 1653 primi
558 1569 641 1655 post
659 1566 694 1634 J.
716 1543 757 1634 (l.
781 1564 907 1634 saeculi
931 1566 1094 1635 exitum·
1112 1567 1217 1635 Tunc
1243 1567 1340 1636 enim

317 1677 524 1768 reipublicae
545 1684 580 1749 et
602 1681 715 1770 legeS,
750 1686 784 1750 et
816 1702 950 1765 mores,
983 1685 1018 1750 et
1046 1681 1201 1751 formam
1222 1683 1341 1772 ipsam

317 1814 437 1864 novus
457 1815 579 1866 rerum
605 1797 693 1867 ordo
714 1801 910 1886 exceperat.
934 1798 1004 1868 Ubi
1026 1818 1171 1867 summa
1198 1799 1340 1889 imperii

317 1910 356 1979 in
376 1911 490 1981 unius
509 1917 724 2003 potestatem
744 1914 900 1997 devenit,
922 1913 1048 2004 nilque
1067 1914 1248 1983 libertatis
1267 1915 1341 1984 nisi

318 2046 452 2097 nomen
480 2049 521 2097 ac
546 2029 647 2099 velut
665 2030 796 2099 umbra
822 2031 1022 2120 superfuit,
1053 2035 1132 2100 tum
1161 2030 1229 2100 fori
1258 2052 1341 2114 vox,

319 2163 399 2232 quae
432 2145 573 2214 tamdiu
596 2145 868 2216 ardentissimis
894 2147 1028 2218 civium
1045 2147 1343 2217 contentionibus

320 2264 538 2351 strepuerat,
571 2263 724 2332 obticuit
734 2285 744 2351 ;
773 2264 887 2334 tacuit
913 2268 947 2333 et
981 2268 1149 2347 senatus,
1183 2269 1246 2332 aut
1273 2263 1345 2332 sal-

317 2379 391 2446 tem
407 2378 484 2467 jam
503 2399 578 2448 non
605 2379 642 2448 in
662 2379 812 2464 liberaS,
833 2380 870 2449 id
889 2384 945 2450 est
963 2380 1002 2448 in
1023 2380 1179 2450 disertas
1201 2385 1344 2450 senten-

319 2493 390 2562 tias
415 2494 502 2579 ivit,
534 2495 611 2579 sed,
639 2496 685 2564 ad
712 2500 843 2565 nutum
862 2497 1038 2587 principis
1059 2517 1205 2566 censere
1219 2516 1345 2566 assue-

320 2613 405 2692 tuS,
449 2609 491 2679 de
520 2611 679 2700 publicis
724 2612 925 2681 commodis
964 2612 1143 2690 disserere
1182 2613 1343 2696 destitit,

320 2725 461 2814 privata
480 2729 602 2796 autem
622 2727 705 2797 odia
723 2727 910 2814 conflavit3
936 2731 1016 2797 tum
1035 2727 1167 2797 Vibius
1188 2728 1344 2819 Crispus

322 2844 356 2909 et
387 2841 521 2931 Eprius
563 2842 759 2912 Marcellus
795 2842 922 2933 lingua
964 2847 1226 2933 praepotentes3
1265 2849 1346 2914 tum

322 2956 506 3027 Thraseas
524 2963 651 3028 mutus
673 2963 736 3027 aut
755 2959 857 3028 curia
876 2960 1066 3029 excedens
1084 2959 1243 3029 iudiciis
1259 2980 1347 3049 quo-

323 3092 393 3161 que
415 3094 507 3143 suus
528 3079 583 3144 est
603 3075 775 3165 splendor
794 3081 1008 3166 praereptus,
1025 3095 1118 3145 curn*
1125 3076 1203 3165 jam
1217 3096 1291 3146 non
1307 3077 1346 3146 in

323 3187 419 3273 fore,
448 3189 545 3281 apud
570 3195 781 3280 praetorem,
815 3211 947 3280 magna
966 3190 1092 3282 populi
1123 3211 1256 3261 corona
1280 3193 1347 3263 cir-

324 3307 542 3390 cumstante,
560 3326 679 3376 causae
693 3310 803 3396 gestae
820 3310 921 3391 sunt,
940 3306 1003 3377 sed
1018 3306 1234 3397 plerumque
1250 3308 1347 3397 apud

324 3422 584 3507 centumviros,
605 3424 645 3491 in
665 3422 857 3492 auditoriis
878 3428 941 3493 aut
959 3422 1168 3506 tabulariis,
1191 3424 1254 3492 ubi
1278 3445 1348 3493 vox

326 3535 525 3606 dicentium
544 3537 615 3607 loci
635 3539 818 3627 angustiis
839 3542 873 3609 et
893 3538 1086 3628 exiguitate
1101 3537 1201 3607 velut
1222 3539 1348 3608 obrue-

325 3652 444 3722 batur.
468 3654 552 3724 Non
568 3654 645 3743 jam
668 3682 681 3718 a
703 3674 796 3725 verae
818 3675 970 3724 causa»
995 3658 1028 3723 et
1051 3673 1166 3723 «vera
1187 3654 1345 3744 praelia»

327 3768 369 3836 de
388 3767 527 3838 bonore
548 3777 610 3838 aut
629 3771 845 3860 magistratu
866 3775 988 3859 erant,
1021 3770 1085 3840 sed
1113 3770 1249 3859 saepius
1278 3770 1350 3861 pri-

326 3890 409 3956 vata
437 3906 478 3954 ac
505 3885 703 3955 domestica
730 3888 872 3976 negotia
898 3888 1120 3976 agebantur,
1150 3886 1350 3974 inquibus

327 4000 412 4070 dare
433 4002 589 4071 orationi
615 4002 695 4072 vela
723 4023 853 4091 parum
873 4002 1122 4093 conveniebat.
1145 4002 1349 4091 Nunquam

328 4118 366 4185 in
387 4117 447 4186 bis
468 4117 672 4187 minoribus
693 4139 734 4186 ac
755 4119 855 4186 velut
880 4119 1034 4187 minutis
1051 4116 1203 4207 judiciis
1225 4119 1350 4187 cicero
