<?xml version="1.0" encoding="UTF-8"?>
<!DOCTYPE html PUBLIC "-//W3C//DTD XHTML 1.0 Transitional//EN"
    "http://www.w3.org/TR/xhtml1/DTD/xhtml1-transitional.dtd">
<html xmlns="http://www.w3.org/1999/xhtml" xml:lang="en" lang="en">
 <head>
  <title>
</title>
<meta http-equiv="Content-Type" content="text/html;charset=utf-8" />
  <meta name='ocr-system' content='tesseract 3.04.00' />
  <meta name='ocr-capabilities' content='ocr_page ocr_carea ocr_par ocr_line ocrx_word'/>
</head>
<body>
  <div class='ocr_page' id='page_1' title='image "./depliniiminoris00morigoog_0103.png"; bbox 0 0 3086 4970; ppageno 0'>
   <div class='ocr_carea' id='block_1_1' title="bbox 737 471 914 540">
    <p class='ocr_par' dir='ltr' id='par_1_1' title="bbox 737 471 914 540">
     <span class='ocr_line' id='line_1_1' title="bbox 737 471 914 540; baseline -0.011 -18"><span class='ocrx_word' id='word_1_1' title='bbox 737 471 914 540; x_wconf 80' lang='lat'>..92-</span> 
     </span>
    </p>
   </div>
   <div class='ocr_carea' id='block_1_2' title="bbox 313 612 1350 3708">
    <p class='ocr_par' dir='ltr' id='par_1_2' title="bbox 313 612 1350 3708">
     <span class='ocr_line' id='line_1_2' title="bbox 313 612 1345 704; baseline -0.005 -20"><span class='ocrx_word' id='word_1_2' title='bbox 313 613 455 704; x_wconf 86' lang='lat' dir='ltr'><strong>judicia</strong></span> <span class='ocrx_word' id='word_1_3' title='bbox 468 633 581 704; x_wconf 92' lang='lat' dir='ltr'><strong>penes</strong></span> <span class='ocrx_word' id='word_1_4' title='bbox 594 614 837 703; x_wconf 88' lang='lat' dir='ltr'><strong>pragmaticos</strong></span> <span class='ocrx_word' id='word_1_5' title='bbox 852 612 1067 702; x_wconf 89' lang='lat' dir='ltr'><strong>plerumque</strong></span> <span class='ocrx_word' id='word_1_6' title='bbox 1087 613 1206 698; x_wconf 88' lang='lat' dir='ltr'><strong>luere;</strong></span> <span class='ocrx_word' id='word_1_7' title='bbox 1228 617 1345 680; x_wconf 84' lang='lat' dir='ltr'><strong>cetera</strong></span> 
     </span>
     <span class='ocr_line' id='line_1_3' title="bbox 317 729 1342 821; baseline -0.004 -21"><span class='ocrx_word' id='word_1_8' title='bbox 317 731 539 821; x_wconf 81' lang='lat' dir='ltr'><strong>eloquentia,</strong></span> <span class='ocrx_word' id='word_1_9' title='bbox 558 751 639 820; x_wconf 84' lang='lat' dir='ltr'><strong>quae</strong></span> <span class='ocrx_word' id='word_1_10' title='bbox 654 751 766 820; x_wconf 88' lang='lat' dir='ltr'><strong>penes</strong></span> <span class='ocrx_word' id='word_1_11' title='bbox 782 733 944 799; x_wconf 88' lang='lat' dir='ltr'><strong>oratores</strong></span> <span class='ocrx_word' id='word_1_12' title='bbox 959 731 1110 812; x_wconf 85' lang='lat' dir='ltr'><strong>mansit,</strong></span> <span class='ocrx_word' id='word_1_13' title='bbox 1127 729 1200 798; x_wconf 84' lang='lat' dir='ltr'><strong>fere</strong></span> <span class='ocrx_word' id='word_1_14' title='bbox 1214 733 1289 797; x_wconf 84' lang='lat' dir='ltr'><strong>tota</strong></span> <span class='ocrx_word' id='word_1_15' title='bbox 1303 729 1342 796; x_wconf 90' lang='lat' dir='ltr'><strong>in</strong></span> 
     </span>
     <span class='ocr_line' id='line_1_4' title="bbox 316 845 1343 936; baseline -0.004 -20"><span class='ocrx_word' id='word_1_16' title='bbox 316 847 594 918; x_wconf 82' lang='lat' dir='ltr'><strong>laudationibus</strong></span> <span class='ocrx_word' id='word_1_17' title='bbox 610 851 645 916; x_wconf 90' lang='lat' dir='ltr'><strong>et</strong></span> <span class='ocrx_word' id='word_1_18' title='bbox 654 847 885 936; x_wconf 90' lang='lat' dir='ltr'><strong>panegyricis</strong></span> <span class='ocrx_word' id='word_1_19' title='bbox 904 867 985 916; x_wconf 90' lang='lat' dir='ltr'><strong>sese</strong></span> <span class='ocrx_word' id='word_1_20' title='bbox 1004 847 1197 915; x_wconf 78' lang='lat' dir='ltr'><strong>continuit.</strong></span> <span class='ocrx_word' id='word_1_21' title='bbox 1214 845 1343 914; x_wconf 86' lang='lat' dir='ltr'><strong>Trium</strong></span> 
     </span>
     <span class='ocr_line' id='line_1_5' title="bbox 317 961 1345 1054; baseline -0.006 -20"><span class='ocrx_word' id='word_1_22' title='bbox 317 984 506 1054; x_wconf 82' lang='lat' dir='ltr'><strong>generum,</strong></span> <span class='ocrx_word' id='word_1_23' title='bbox 526 984 607 1053; x_wconf 89' lang='lat' dir='ltr'><strong>quae</strong></span> <span class='ocrx_word' id='word_1_24' title='bbox 635 969 775 1033; x_wconf 78' lang='lat' dir='ltr'><strong>veteres</strong></span> <span class='ocrx_word' id='word_1_25' title='bbox 794 964 960 1032; x_wconf 82' lang='lat' dir='ltr'><strong>rhetores</strong></span> <span class='ocrx_word' id='word_1_26' title='bbox 982 964 1021 1031; x_wconf 92' lang='lat' dir='ltr'><strong>in</strong></span> <span class='ocrx_word' id='word_1_27' title='bbox 1048 961 1255 1052; x_wconf 87' lang='lat' dir='ltr'><strong>eloquentia</strong></span> <span class='ocrx_word' id='word_1_28' title='bbox 1269 961 1345 1029; x_wconf 91' lang='lat' dir='ltr'><strong>dis-</strong></span> 
     </span>
     <span class='ocr_line' id='line_1_6' title="bbox 319 1079 1345 1170; baseline -0.005 -20"><span class='ocrx_word' id='word_1_29' title='bbox 319 1080 534 1164; x_wconf 90' lang='lat' dir='ltr'><strong>cernebant,</strong></span> <span class='ocrx_word' id='word_1_30' title='bbox 570 1099 687 1170; x_wconf 88' lang='lat' dir='ltr'><strong>genus</strong></span> <span class='ocrx_word' id='word_1_31' title='bbox 720 1079 1053 1150; x_wconf 87' lang='lat' dir='ltr'><strong>demonstrativum</strong></span> <span class='ocrx_word' id='word_1_32' title='bbox 1085 1098 1196 1167; x_wconf 91' lang='lat' dir='ltr'><strong>super</strong></span> <span class='ocrx_word' id='word_1_33' title='bbox 1228 1080 1345 1147; x_wconf 89' lang='lat' dir='ltr'><strong>cetera</strong></span> 
     </span>
     <span class='ocr_line' id='line_1_7' title="bbox 318 1192 1342 1286; baseline -0.006 -19"><span class='ocrx_word' id='word_1_34' title='bbox 318 1196 534 1267; x_wconf 85' lang='lat' dir='ltr'><strong>eminuerat.</strong></span> <span class='ocrx_word' id='word_1_35' title='bbox 547 1198 631 1268; x_wconf 91' lang='lat' dir='ltr'><strong>Non</strong></span> <span class='ocrx_word' id='word_1_36' title='bbox 643 1197 721 1285; x_wconf 77' lang='lat' dir='ltr'><strong>Jam</strong></span> <span class='ocrx_word' id='word_1_37' title='bbox 731 1195 994 1286; x_wconf 89' lang='lat' dir='ltr'><strong>dereipublieae</strong></span> <span class='ocrx_word' id='word_1_38' title='bbox 1011 1192 1342 1274; x_wconf 89' lang='lat' dir='ltr'><strong>administratione,</strong></span> 
     </span>
     <span class='ocr_line' id='line_1_8' title="bbox 319 1309 1345 1402; baseline -0.006 -20"><span class='ocrx_word' id='word_1_39' title='bbox 319 1333 436 1402; x_wconf 90' lang='lat' dir='ltr'><strong>neque</strong></span> <span class='ocrx_word' id='word_1_40' title='bbox 451 1312 495 1382; x_wconf 89' lang='lat' dir='ltr'><strong>de</strong></span> <span class='ocrx_word' id='word_1_41' title='bbox 509 1312 562 1381; x_wconf 92' lang='lat' dir='ltr'><strong>rei</strong></span> <span class='ocrx_word' id='word_1_42' title='bbox 581 1309 776 1400; x_wconf 89' lang='lat' dir='ltr'><strong>cujusdam</strong></span> <span class='ocrx_word' id='word_1_43' title='bbox 796 1311 913 1401; x_wconf 85' lang='lat' dir='ltr'><strong>capite</strong></span> <span class='ocrx_word' id='word_1_44' title='bbox 931 1310 990 1380; x_wconf 89' lang='lat' dir='ltr'><strong>vel</strong></span> <span class='ocrx_word' id='word_1_45' title='bbox 1011 1309 1245 1379; x_wconf 89' lang='lat' dir='ltr'><strong>damnatione</strong></span> <span class='ocrx_word' id='word_1_46' title='bbox 1264 1327 1345 1398; x_wconf 86' lang='lat' dir='ltr'><strong>age-</strong></span> 
     </span>
     <span class='ocr_line' id='line_1_9' title="bbox 317 1424 1346 1517; baseline -0.005 -20"><span class='ocrx_word' id='word_1_47' title='bbox 317 1428 438 1512; x_wconf 87' lang='lat' dir='ltr'><strong>batur,</strong></span> <span class='ocrx_word' id='word_1_48' title='bbox 454 1427 572 1498; x_wconf 91' lang='lat' dir='ltr'><strong>sedin</strong></span> <span class='ocrx_word' id='word_1_49' title='bbox 592 1427 723 1517; x_wconf 86' lang='lat' dir='ltr'><strong>primis</strong></span> <span class='ocrx_word' id='word_1_50' title='bbox 738 1425 782 1495; x_wconf 93' lang='lat' dir='ltr'><strong>de</strong></span> <span class='ocrx_word' id='word_1_51' title='bbox 797 1427 1013 1516; x_wconf 88' lang='lat' dir='ltr'><strong>imperatore</strong></span> <span class='ocrx_word' id='word_1_52' title='bbox 1028 1424 1201 1496; x_wconf 91' lang='lat' dir='ltr'><strong>omnibus</strong></span> <span class='ocrx_word' id='word_1_53' title='bbox 1215 1425 1346 1494; x_wconf 90' lang='lat' dir='ltr'><strong>huma-</strong></span> 
     </span>
     <span class='ocr_line' id='line_1_10' title="bbox 318 1540 1345 1632; baseline -0.005 -19"><span class='ocrx_word' id='word_1_54' title='bbox 318 1545 378 1614; x_wconf 92' lang='lat' dir='ltr'><strong>nis</strong></span> <span class='ocrx_word' id='word_1_55' title='bbox 400 1544 611 1632; x_wconf 87' lang='lat' dir='ltr'><strong>divinisque</strong></span> <span class='ocrx_word' id='word_1_56' title='bbox 636 1542 812 1612; x_wconf 86' lang='lat' dir='ltr'><strong>laudibus</strong></span> <span class='ocrx_word' id='word_1_57' title='bbox 838 1542 1015 1611; x_wconf 91' lang='lat' dir='ltr'><strong>ornando.</strong></span> <span class='ocrx_word' id='word_1_58' title='bbox 1043 1541 1138 1610; x_wconf 92' lang='lat' dir='ltr'><strong>Hinc</strong></span> <span class='ocrx_word' id='word_1_59' title='bbox 1166 1540 1345 1629; x_wconf 85' lang='lat' dir='ltr'><strong>originem</strong></span> 
     </span>
     <span class='ocr_line' id='line_1_11' title="bbox 319 1656 1345 1747; baseline -0.005 -18"><span class='ocrx_word' id='word_1_60' title='bbox 319 1658 453 1730; x_wconf 88' lang='lat' dir='ltr'><strong>duxere</strong></span> <span class='ocrx_word' id='word_1_61' title='bbox 483 1662 537 1727; x_wconf 86' lang='lat' dir='ltr'><strong>tot</strong></span> <span class='ocrx_word' id='word_1_62' title='bbox 564 1658 786 1747; x_wconf 79' lang='lat' dir='ltr'><strong>panegyrici,</strong></span> <span class='ocrx_word' id='word_1_63' title='bbox 815 1677 881 1727; x_wconf 89' lang='lat' dir='ltr'><strong>seu</strong></span> <span class='ocrx_word' id='word_1_64' title='bbox 914 1656 1145 1746; x_wconf 83' lang='lat' dir='ltr'><strong>genethliaci,</strong></span> <span class='ocrx_word' id='word_1_65' title='bbox 1181 1675 1247 1725; x_wconf 92' lang='lat' dir='ltr'><strong>sen</strong></span> <span class='ocrx_word' id='word_1_66' title='bbox 1279 1675 1345 1745; x_wconf 91' lang='lat' dir='ltr'><strong>pro</strong></span> 
     </span>
     <span class='ocr_line' id='line_1_12' title="bbox 318 1771 1344 1862; baseline -0.002 -20"><span class='ocrx_word' id='word_1_67' title='bbox 318 1772 481 1862; x_wconf 85' lang='lat' dir='ltr'><strong>qualibet</strong></span> <span class='ocrx_word' id='word_1_68' title='bbox 499 1791 611 1841; x_wconf 91' lang='lat' dir='ltr'><strong>causa</strong></span> <span class='ocrx_word' id='word_1_69' title='bbox 630 1771 730 1855; x_wconf 83' lang='lat' dir='ltr'><strong>dicti,</strong></span> <span class='ocrx_word' id='word_1_70' title='bbox 746 1771 786 1841; x_wconf 92' lang='lat' dir='ltr'><strong>in</strong></span> <span class='ocrx_word' id='word_1_71' title='bbox 807 1771 945 1862; x_wconf 90' lang='lat' dir='ltr'><strong>quibus</strong></span> <span class='ocrx_word' id='word_1_72' title='bbox 967 1790 1042 1840; x_wconf 90' lang='lat' dir='ltr'><strong>non</strong></span> <span class='ocrx_word' id='word_1_73' title='bbox 1059 1773 1137 1860; x_wconf 89' lang='lat' dir='ltr'><strong>jam</strong></span> <span class='ocrx_word' id='word_1_74' title='bbox 1159 1771 1344 1860; x_wconf 85' lang='lat' dir='ltr'><strong>Trajanus</strong></span> 
     </span>
     <span class='ocr_line' id='line_1_13' title="bbox 319 1887 1347 1978; baseline -0.003 -20"><span class='ocrx_word' id='word_1_75' title='bbox 319 1889 489 1978; x_wconf 89' lang='lat' dir='ltr'><strong>Optimus</strong></span> <span class='ocrx_word' id='word_1_76' title='bbox 509 1887 708 1971; x_wconf 83' lang='lat' dir='ltr'><strong>Maximus,</strong></span> <span class='ocrx_word' id='word_1_77' title='bbox 726 1887 790 1957; x_wconf 91' lang='lat' dir='ltr'><strong>sed</strong></span> <span class='ocrx_word' id='word_1_78' title='bbox 809 1888 1071 1971; x_wconf 82' lang='lat' dir='ltr'><strong>Maximianus,</strong></span> <span class='ocrx_word' id='word_1_79' title='bbox 1091 1887 1150 1957; x_wconf 90' lang='lat' dir='ltr'><strong>vel</strong></span> <span class='ocrx_word' id='word_1_80' title='bbox 1165 1888 1347 1958; x_wconf 87' lang='lat' dir='ltr'><strong>Constan-</strong></span> 
     </span>
     <span class='ocr_line' id='line_1_14' title="bbox 318 2000 1346 2088; baseline 0 -16"><span class='ocrx_word' id='word_1_81' title='bbox 318 2004 408 2087; x_wconf 90' lang='lat' dir='ltr'><strong>tius,</strong></span> <span class='ocrx_word' id='word_1_82' title='bbox 427 2003 486 2074; x_wconf 85' lang='lat' dir='ltr'><strong>vel</strong></span> <span class='ocrx_word' id='word_1_83' title='bbox 508 2003 790 2088; x_wconf 79' lang='lat' dir='ltr'><strong>ConstantinnS,</strong></span> <span class='ocrx_word' id='word_1_84' title='bbox 810 2002 869 2073; x_wconf 85' lang='lat' dir='ltr'><strong>vel</strong></span> <span class='ocrx_word' id='word_1_85' title='bbox 890 2003 1080 2086; x_wconf 81' lang='lat' dir='ltr'><strong>Julianus,</strong></span> <span class='ocrx_word' id='word_1_86' title='bbox 1100 2003 1159 2072; x_wconf 84' lang='lat' dir='ltr'><strong>rel</strong></span> <span class='ocrx_word' id='word_1_87' title='bbox 1181 2000 1346 2072; x_wconf 91' lang='lat' dir='ltr'><strong>Theodo-</strong></span> 
     </span>
     <span class='ocr_line' id='line_1_15' title="bbox 320 2117 1346 2212; baseline -0.003 -23"><span class='ocrx_word' id='word_1_88' title='bbox 320 2119 401 2190; x_wconf 91' lang='lat' dir='ltr'><strong>sius</strong></span> <span class='ocrx_word' id='word_1_89' title='bbox 420 2118 467 2212; x_wconf 84' lang='lat' dir='ltr'><strong>ad</strong></span> <span class='ocrx_word' id='word_1_90' title='bbox 479 2118 600 2188; x_wconf 91' lang='lat' dir='ltr'><strong>sidera</strong></span> <span class='ocrx_word' id='word_1_91' title='bbox 614 2118 869 2202; x_wconf 86' lang='lat' dir='ltr'><strong>efferebantur,</strong></span> <span class='ocrx_word' id='word_1_92' title='bbox 888 2121 923 2188; x_wconf 92' lang='lat' dir='ltr'><strong>et</strong></span> <span class='ocrx_word' id='word_1_93' title='bbox 944 2118 1092 2208; x_wconf 89' lang='lat' dir='ltr'><strong>quidem</strong></span> <span class='ocrx_word' id='word_1_94' title='bbox 1118 2117 1191 2188; x_wconf 86' lang='lat' dir='ltr'><strong>fere</strong></span> <span class='ocrx_word' id='word_1_95' title='bbox 1214 2117 1346 2187; x_wconf 91' lang='lat' dir='ltr'><strong>iisdem</strong></span> 
     </span>
     <span class='ocr_line' id='line_1_16' title="bbox 317 2233 1347 2325; baseline -0.003 -19"><span class='ocrx_word' id='word_1_96' title='bbox 317 2236 453 2320; x_wconf 89' lang='lat' dir='ltr'><strong>verbis,</strong></span> <span class='ocrx_word' id='word_1_97' title='bbox 474 2235 611 2325; x_wconf 90' lang='lat' dir='ltr'><strong>quibus</strong></span> <span class='ocrx_word' id='word_1_98' title='bbox 626 2234 774 2304; x_wconf 89' lang='lat' dir='ltr'><strong>Plinius</strong></span> <span class='ocrx_word' id='word_1_99' title='bbox 788 2233 974 2324; x_wconf 88' lang='lat' dir='ltr'><strong>quondam</strong></span> <span class='ocrx_word' id='word_1_100' title='bbox 989 2255 1083 2304; x_wconf 89' lang='lat' dir='ltr'><strong>usus</strong></span> <span class='ocrx_word' id='word_1_101' title='bbox 1099 2233 1229 2303; x_wconf 85' lang='lat' dir='ltr'><strong>fuerat.</strong></span> <span class='ocrx_word' id='word_1_102' title='bbox 1251 2235 1347 2305; x_wconf 91' lang='lat' dir='ltr'><strong>Nam</strong></span> 
     </span>
     <span class='ocr_line' id='line_1_17' title="bbox 319 2350 1347 2442; baseline -0.004 -20"><span class='ocrx_word' id='word_1_103' title='bbox 319 2352 470 2442; x_wconf 85' lang='lat' dir='ltr'><strong>Trajani</strong></span> <span class='ocrx_word' id='word_1_104' title='bbox 489 2352 739 2440; x_wconf 86' lang='lat' dir='ltr'><strong>Panegyricus</strong></span> <span class='ocrx_word' id='word_1_105' title='bbox 759 2350 888 2420; x_wconf 90' lang='lat' dir='ltr'><strong>ceteris</strong></span> <span class='ocrx_word' id='word_1_106' title='bbox 909 2351 1018 2438; x_wconf 88' lang='lat' dir='ltr'><strong>quasi</strong></span> <span class='ocrx_word' id='word_1_107' title='bbox 1037 2351 1222 2440; x_wconf 91' lang='lat' dir='ltr'><strong>exemplar</strong></span> <span class='ocrx_word' id='word_1_108' title='bbox 1239 2353 1347 2439; x_wconf 90' lang='lat' dir='ltr'><strong>atque</strong></span> 
     </span>
     <span class='ocr_line' id='line_1_18' title="bbox 317 2465 1348 2556; baseline 0.001 -23"><span class='ocrx_word' id='word_1_109' title='bbox 317 2480 465 2556; x_wconf 70' lang='grc' dir='ltr'>ἀρχέτυπον</span> <span class='ocrx_word' id='word_1_110' title='bbox 481 2467 673 2536; x_wconf 87' lang='lat' dir='ltr'><strong>remansit.</strong></span> <span class='ocrx_word' id='word_1_111' title='bbox 689 2467 727 2536; x_wconf 78' lang='lat' dir='ltr'><strong>Si</strong></span> <span class='ocrx_word' id='word_1_112' title='bbox 743 2487 797 2550; x_wconf 88' lang='lat' dir='ltr'><strong>ea,</strong></span> <span class='ocrx_word' id='word_1_113' title='bbox 809 2485 890 2555; x_wconf 83' lang='lat' dir='ltr'><strong>quae</strong></span> <span class='ocrx_word' id='word_1_114' title='bbox 901 2467 1144 2536; x_wconf 86' lang='lat' dir='ltr'><strong>Mamertinus</strong></span> <span class='ocrx_word' id='word_1_115' title='bbox 1161 2465 1292 2535; x_wconf 91' lang='lat' dir='ltr'><strong>consul</strong></span> <span class='ocrx_word' id='word_1_116' title='bbox 1303 2465 1348 2534; x_wconf 93' lang='lat' dir='ltr'><strong>de</strong></span> 
     </span>
     <span class='ocr_line' id='line_1_19' title="bbox 319 2580 1347 2672; baseline 0 -20"><span class='ocrx_word' id='word_1_117' title='bbox 319 2580 470 2652; x_wconf 80' lang='lat' dir='ltr'><strong>Juliano</strong></span> <span class='ocrx_word' id='word_1_118' title='bbox 497 2584 714 2672; x_wconf 89' lang='lat' dir='ltr'><strong>imperatore</strong></span> <span class='ocrx_word' id='word_1_119' title='bbox 746 2582 851 2666; x_wconf 85' lang='lat' dir='ltr'><strong>dixit,</strong></span> <span class='ocrx_word' id='word_1_120' title='bbox 876 2582 1056 2672; x_wconf 89' lang='lat' dir='ltr'><strong>legemus,</strong></span> <span class='ocrx_word' id='word_1_121' title='bbox 1086 2581 1276 2650; x_wconf 91' lang='lat' dir='ltr'><strong>simillima</strong></span> <span class='ocrx_word' id='word_1_122' title='bbox 1298 2581 1347 2652; x_wconf 89' lang='lat' dir='ltr'><strong>iis</strong></span> 
     </span>
     <span class='ocr_line' id='line_1_20' title="bbox 320 2696 1345 2786; baseline 0 -20"><span class='ocrx_word' id='word_1_123' title='bbox 320 2715 400 2784; x_wconf 82' lang='lat' dir='ltr'><strong>quae</strong></span> <span class='ocrx_word' id='word_1_124' title='bbox 412 2696 558 2766; x_wconf 89' lang='lat' dir='ltr'><strong>Plinius</strong></span> <span class='ocrx_word' id='word_1_125' title='bbox 570 2696 613 2767; x_wconf 92' lang='lat' dir='ltr'><strong>de</strong></span> <span class='ocrx_word' id='word_1_126' title='bbox 624 2698 783 2786; x_wconf 89' lang='lat' dir='ltr'><strong>Trajano</strong></span> <span class='ocrx_word' id='word_1_127' title='bbox 793 2696 1066 2786; x_wconf 80' lang='lat' dir='ltr'><strong>praedicaverat,</strong></span> <span class='ocrx_word' id='word_1_128' title='bbox 1080 2697 1345 2766; x_wconf 69' lang='lat' dir='ltr'><strong>inveniemusl.</strong></span> 
     </span>
     <span class='ocr_line' id='line_1_21' title="bbox 320 2811 1349 2896; baseline -0.001 -15"><span class='ocrx_word' id='word_1_129' title='bbox 320 2811 358 2881; x_wconf 89' lang='lat' dir='ltr'><strong>Si</strong></span> <span class='ocrx_word' id='word_1_130' title='bbox 387 2811 534 2882; x_wconf 92' lang='lat' dir='ltr'><strong>Plinius</strong></span> <span class='ocrx_word' id='word_1_131' title='bbox 565 2811 686 2882; x_wconf 90' lang='lat' dir='ltr'><strong>adhuc</strong></span> <span class='ocrx_word' id='word_1_132' title='bbox 716 2812 887 2896; x_wconf 84' lang='lat' dir='ltr'><strong>vixisset,</strong></span> <span class='ocrx_word' id='word_1_133' title='bbox 918 2832 1006 2882; x_wconf 89' lang='lat' dir='ltr'><strong>sane</strong></span> <span class='ocrx_word' id='word_1_134' title='bbox 1038 2812 1185 2881; x_wconf 86' lang='lat' dir='ltr'><strong>laetatus</strong></span> <span class='ocrx_word' id='word_1_135' title='bbox 1214 2812 1349 2882; x_wconf 84' lang='lat' dir='ltr'><strong>luisset</strong></span> 
     </span>
     <span class='ocr_line' id='line_1_22' title="bbox 321 2925 1349 3017; baseline 0.002 -22"><span class='ocrx_word' id='word_1_136' title='bbox 321 2925 420 3014; x_wconf 91' lang='lat' dir='ltr'><strong>quod</strong></span> <span class='ocrx_word' id='word_1_137' title='bbox 435 2930 488 3008; x_wconf 81' lang='lat' dir='ltr'><strong>tot</strong></span> <span class='ocrx_word' id='word_1_138' title='bbox 500 2927 649 3017; x_wconf 85' lang='lat' dir='ltr'><strong>perlecti</strong></span> <span class='ocrx_word' id='word_1_139' title='bbox 664 2928 861 3017; x_wconf 80' lang='lat' dir='ltr'><strong>principes,</strong></span> <span class='ocrx_word' id='word_1_140' title='bbox 879 2928 988 2997; x_wconf 84' lang='lat' dir='ltr'><strong>etiam</strong></span> <span class='ocrx_word' id='word_1_141' title='bbox 1007 2926 1177 2996; x_wconf 87' lang='lat' dir='ltr'><strong>meliores</strong></span> <span class='ocrx_word' id='word_1_142' title='bbox 1190 2928 1349 3017; x_wconf 87' lang='lat' dir='ltr'><strong>Trajano</strong></span> 
     </span>
     <span class='ocr_line' id='line_1_23' title="bbox 321 3025 1347 3133; baseline 0.001 -22"><span class='ocrx_word' id='word_1_143' title='bbox 321 3042 376 3128; x_wconf 90' lang='lat' dir='ltr'><strong>(si</strong></span> <span class='ocrx_word' id='word_1_144' title='bbox 407 3043 655 3133; x_wconf 88' lang='lat' dir='ltr'><strong>panegyristis</strong></span> <span class='ocrx_word' id='word_1_145' title='bbox 689 3043 902 3133; x_wconf 89' lang='lat' dir='ltr'><strong>credamus)</strong></span> <span class='ocrx_word' id='word_1_146' title='bbox 935 3045 1060 3114; x_wconf 89' lang='lat' dir='ltr'><strong>Romae</strong></span> <span class='ocrx_word' id='word_1_147' title='bbox 1091 3025 1347 3133; x_wconf 85' lang='lat' dir='ltr'><strong>contigissent,</strong></span> 
     </span>
     <span class='ocr_line' id='line_1_24' title="bbox 319 3158 1348 3248; baseline 0.002 -22"><span class='ocrx_word' id='word_1_148' title='bbox 319 3162 467 3248; x_wconf 88' lang='lat' dir='ltr'><strong>tamque</strong></span> <span class='ocrx_word' id='word_1_149' title='bbox 478 3163 648 3228; x_wconf 90' lang='lat' dir='ltr'><strong>ornatum</strong></span> <span class='ocrx_word' id='word_1_150' title='bbox 663 3163 699 3228; x_wconf 91' lang='lat' dir='ltr'><strong>et</strong></span> <span class='ocrx_word' id='word_1_151' title='bbox 711 3158 885 3228; x_wconf 88' lang='lat' dir='ltr'><strong>floridum</strong></span> <span class='ocrx_word' id='word_1_152' title='bbox 898 3158 1043 3229; x_wconf 88' lang='lat' dir='ltr'><strong>dicendi</strong></span> <span class='ocrx_word' id='word_1_153' title='bbox 1053 3179 1170 3248; x_wconf 90' lang='lat' dir='ltr'><strong>genus</strong></span> <span class='ocrx_word' id='word_1_154' title='bbox 1186 3163 1348 3229; x_wconf 92' lang='lat' dir='ltr'><strong>oratores</strong></span> 
     </span>
     <span class='ocr_line' id='line_1_25' title="bbox 320 3273 1348 3365; baseline 0.001 -23"><span class='ocrx_word' id='word_1_155' title='bbox 320 3273 695 3363; x_wconf 83' lang='lat' dir='ltr'><strong>elegissent31aetatus</strong></span> <span class='ocrx_word' id='word_1_156' title='bbox 708 3274 888 3365; x_wconf 90' lang='lat' dir='ltr'><strong>inprimis</strong></span> <span class='ocrx_word' id='word_1_157' title='bbox 900 3274 1046 3358; x_wconf 86' lang='lat' dir='ltr'><strong>fuisset,</strong></span> <span class='ocrx_word' id='word_1_158' title='bbox 1059 3275 1158 3364; x_wconf 90' lang='lat' dir='ltr'><strong>quod</strong></span> <span class='ocrx_word' id='word_1_159' title='bbox 1169 3274 1348 3358; x_wconf 92' lang='lat' dir='ltr'><strong>Plinium,</strong></span> 
     </span>
     <span class='ocr_line' id='line_1_26' title="bbox 321 3389 1350 3480; baseline -0.001 -22"><span class='ocrx_word' id='word_1_160' title='bbox 321 3409 424 3478; x_wconf 86' lang='lat' dir='ltr'><strong>aeqne</strong></span> <span class='ocrx_word' id='word_1_161' title='bbox 449 3409 490 3458; x_wconf 89' lang='lat' dir='ltr'><strong>ac</strong></span> <span class='ocrx_word' id='word_1_162' title='bbox 521 3390 748 3474; x_wconf 85' lang='lat' dir='ltr'><strong>Ciceronem,</strong></span> <span class='ocrx_word' id='word_1_163' title='bbox 778 3389 1059 3477; x_wconf 82' lang='lat' dir='ltr'><strong>aemularentur3</strong></span> <span class='ocrx_word' id='word_1_164' title='bbox 1091 3390 1261 3480; x_wconf 91' lang='lat' dir='ltr'><strong>quodque</strong></span> <span class='ocrx_word' id='word_1_165' title='bbox 1291 3390 1350 3458; x_wconf 82' lang='lat' dir='ltr'><strong>lit-</strong></span> 
     </span>
     <span class='ocr_line' id='line_1_27' title="bbox 320 3505 1348 3595; baseline 0 -22"><span class='ocrx_word' id='word_1_166' title='bbox 320 3509 405 3574; x_wconf 88' lang='lat' dir='ltr'><strong>terae</strong></span> <span class='ocrx_word' id='word_1_167' title='bbox 420 3505 552 3576; x_wconf 88' lang='lat' dir='ltr'><strong>validae</strong></span> <span class='ocrx_word' id='word_1_168' title='bbox 569 3511 603 3575; x_wconf 89' lang='lat' dir='ltr'><strong>et</strong></span> <span class='ocrx_word' id='word_1_169' title='bbox 612 3507 777 3595; x_wconf 85' lang='lat' dir='ltr'><strong>vigentes</strong></span> <span class='ocrx_word' id='word_1_170' title='bbox 791 3506 912 3575; x_wconf 88' lang='lat' dir='ltr'><strong>adhuc</strong></span> <span class='ocrx_word' id='word_1_171' title='bbox 926 3506 1152 3576; x_wconf 80' lang='lat' dir='ltr'><strong>viderentur.</strong></span> <span class='ocrx_word' id='word_1_172' title='bbox 1167 3508 1263 3578; x_wconf 91' lang='lat' dir='ltr'><strong>Nam</strong></span> <span class='ocrx_word' id='word_1_173' title='bbox 1277 3506 1348 3589; x_wconf 90' lang='lat' dir='ltr'><strong>illi,</strong></span> 
     </span>
     <span class='ocr_line' id='line_1_28' title="bbox 320 3620 1349 3708; baseline 0.001 -19"><span class='ocrx_word' id='word_1_174' title='bbox 320 3620 384 3708; x_wconf 88' lang='lat' dir='ltr'><strong>qui</strong></span> <span class='ocrx_word' id='word_1_175' title='bbox 400 3620 660 3690; x_wconf 84' lang='lat' dir='ltr'><strong>Constantium</strong></span> <span class='ocrx_word' id='word_1_176' title='bbox 678 3621 737 3690; x_wconf 87' lang='lat' dir='ltr'><strong>vel</strong></span> <span class='ocrx_word' id='word_1_177' title='bbox 755 3622 776 3691; x_wconf 87' lang='lat' dir='ltr'>J</span> <span class='ocrx_word' id='word_1_178' title='bbox 780 3621 949 3690; x_wconf 89' lang='lat' dir='ltr'><strong>ulianum</strong></span> <span class='ocrx_word' id='word_1_179' title='bbox 968 3620 1182 3706; x_wconf 88' lang='lat' dir='ltr'><strong>laudabant,</strong></span> <span class='ocrx_word' id='word_1_180' title='bbox 1197 3621 1349 3691; x_wconf 88' lang='lat' dir='ltr'><strong>minime</strong></span> 
     </span>
    </p>
   </div>
   <div class='ocr_carea' id='block_1_3' title="bbox 319 3813 1353 4196">
    <p class='ocr_par' dir='ltr' id='par_1_3' title="bbox 319 3813 1353 4196">
     <span class='ocr_line' id='line_1_29' title="bbox 351 3813 1351 3878; baseline 0.002 -14"><span class='ocrx_word' id='word_1_181' title='bbox 351 3815 359 3849; x_wconf 88' lang='lat'>¹</span> <span class='ocrx_word' id='word_1_182' title='bbox 378 3814 416 3864; x_wconf 87' lang='lat' dir='ltr'><strong>Cl.</strong></span> <span class='ocrx_word' id='word_1_183' title='bbox 432 3814 459 3862; x_wconf 91' lang='lat' dir='ltr'><strong>in</strong></span> <span class='ocrx_word' id='word_1_184' title='bbox 472 3813 571 3878; x_wconf 89' lang='lat' dir='ltr'><strong>primis</strong></span> <span class='ocrx_word' id='word_1_185' title='bbox 583 3829 648 3877; x_wconf 88' lang='lat' dir='ltr'><strong>quae</strong></span> <span class='ocrx_word' id='word_1_186' title='bbox 666 3814 848 3864; x_wconf 88' lang='lat' dir='ltr'><strong>Mamertinus</strong></span> <span class='ocrx_word' id='word_1_187' title='bbox 864 3815 898 3865; x_wconf 93' lang='lat' dir='ltr'><strong>de</strong></span> <span class='ocrx_word' id='word_1_188' title='bbox 911 3816 1068 3866; x_wconf 85' lang='lat' dir='ltr'><strong>urbanitate</strong></span> <span class='ocrx_word' id='word_1_189' title='bbox 1086 3815 1269 3876; x_wconf 81' lang='lat' dir='ltr'><strong>lulianidicit,</strong></span> <span class='ocrx_word' id='word_1_190' title='bbox 1285 3829 1351 3878; x_wconf 84' lang='lat' dir='ltr'><strong>quae</strong></span> 
     </span>
     <span class='ocr_line' id='line_1_30' title="bbox 319 3894 1353 3958; baseline -0.002 -12"><span class='ocrx_word' id='word_1_191' title='bbox 319 3896 354 3946; x_wconf 89' lang='lat' dir='ltr'><strong>de</strong></span> <span class='ocrx_word' id='word_1_192' title='bbox 368 3895 488 3956; x_wconf 89' lang='lat' dir='ltr'><strong>civitate,</strong></span> <span class='ocrx_word' id='word_1_193' title='bbox 502 3895 536 3944; x_wconf 88' lang='lat' dir='ltr'><strong>de</strong></span> <span class='ocrx_word' id='word_1_194' title='bbox 547 3895 719 3944; x_wconf 82' lang='lat' dir='ltr'><strong>humanitate</strong></span> <span class='ocrx_word' id='word_1_195' title='bbox 734 3908 801 3957; x_wconf 88' lang='lat' dir='ltr'><strong>erga</strong></span> <span class='ocrx_word' id='word_1_196' title='bbox 817 3894 939 3957; x_wconf 86' lang='lat' dir='ltr'><strong>collegas</strong></span> <span class='ocrx_word' id='word_1_197' title='bbox 955 3910 960 3945; x_wconf 93' lang='lat'>:</span> <span class='ocrx_word' id='word_1_198' title='bbox 981 3911 993 3942; x_wconf 78' lang='lat' dir='ltr'><strong>u</strong></span> <span class='ocrx_word' id='word_1_199' title='bbox 1009 3896 1111 3946; x_wconf 88' lang='lat' dir='ltr'><strong>Mixtus</strong></span> <span class='ocrx_word' id='word_1_200' title='bbox 1127 3896 1229 3958; x_wconf 85' lang='lat' dir='ltr'><strong>agmini</strong></span> <span class='ocrx_word' id='word_1_201' title='bbox 1246 3898 1353 3957; x_wconf 89' lang='lat' dir='ltr'><strong>togato·</strong></span> 
     </span>
     <span class='ocr_line' id='line_1_31' title="bbox 320 3974 1353 4038; baseline 0.002 -15"><span class='ocrx_word' id='word_1_202' title='bbox 320 3989 391 4038; x_wconf 87' lang='lat' dir='ltr'><strong>rum,</strong></span> <span class='ocrx_word' id='word_1_203' title='bbox 411 3975 511 4037; x_wconf 88' lang='lat' dir='ltr'><strong>praeire</strong></span> <span class='ocrx_word' id='word_1_204' title='bbox 525 3975 610 4036; x_wconf 85' lang='lat' dir='ltr'><strong>coepit</strong></span> <span class='ocrx_word' id='word_1_205' title='bbox 624 3974 710 4038; x_wconf 89' lang='lat' dir='ltr'><strong>pedes</strong></span> <span class='ocrx_word' id='word_1_206' title='bbox 713 4011 771 4026; x_wconf 90' lang='grc'>.....</span> <span class='ocrx_word' id='word_1_207' title='bbox 783 3991 796 4022; x_wconf 80' lang='lat' dir='ltr'><strong>u</strong></span> <span class='ocrx_word' id='word_1_208' title='bbox 810 3974 1008 4037; x_wconf 88' lang='lat' dir='ltr'><strong>Julianumque</strong></span> <span class='ocrx_word' id='word_1_209' title='bbox 1022 3989 1087 4025; x_wconf 89' lang='lat' dir='ltr'><strong>cum</strong></span> <span class='ocrx_word' id='word_1_210' title='bbox 1100 3977 1184 4024; x_wconf 87' lang='lat' dir='ltr'><strong>Bruto</strong></span> <span class='ocrx_word' id='word_1_211' title='bbox 1198 3980 1226 4025; x_wconf 92' lang='lat' dir='ltr'><strong>et</strong></span> <span class='ocrx_word' id='word_1_212' title='bbox 1244 3975 1353 4026; x_wconf 89' lang='lat' dir='ltr'><strong>Valerio</strong></span> 
     </span>
     <span class='ocr_line' id='line_1_32' title="bbox 319 4052 1351 4116; baseline -0.001 -12"><span class='ocrx_word' id='word_1_213' title='bbox 319 4057 480 4116; x_wconf 88' lang='lat' dir='ltr'><strong>comparat:</strong></span> <span class='ocrx_word' id='word_1_214' title='bbox 504 4069 517 4101; x_wconf 81' lang='lat' dir='ltr'><strong>c</strong></span> <span class='ocrx_word' id='word_1_215' title='bbox 539 4054 653 4103; x_wconf 87' lang='lat' dir='ltr'><strong>Illorum</strong></span> <span class='ocrx_word' id='word_1_216' title='bbox 674 4066 747 4103; x_wconf 87' lang='lat' dir='ltr'><strong>anno</strong></span> <span class='ocrx_word' id='word_1_217' title='bbox 769 4052 884 4104; x_wconf 85' lang='lat' dir='ltr'><strong>libertas</strong></span> <span class='ocrx_word' id='word_1_218' title='bbox 902 4058 964 4103; x_wconf 89' lang='lat' dir='ltr'><strong>orta</strong></span> <span class='ocrx_word' id='word_1_219' title='bbox 986 4058 1039 4115; x_wconf 89' lang='lat' dir='ltr'><strong>est,</strong></span> <span class='ocrx_word' id='word_1_220' title='bbox 1063 4060 1159 4104; x_wconf 88' lang='lat' dir='ltr'><strong>nostro</strong></span> <span class='ocrx_word' id='word_1_221' title='bbox 1180 4054 1351 4104; x_wconf 66' lang='lat' dir='ltr'><strong>restituta.»</strong></span> 
     </span>
     <span class='ocr_line' id='line_1_33' title="bbox 320 4132 1020 4196; baseline -0.003 -12"><span class='ocrx_word' id='word_1_222' title='bbox 320 4134 393 4196; x_wconf 84' lang='lat' dir='ltr'><strong>(Cap.</strong></span> <span class='ocrx_word' id='word_1_223' title='bbox 407 4133 457 4186; x_wconf 72' lang='lat' dir='ltr'><strong>30l.</strong></span> <span class='ocrx_word' id='word_1_224' title='bbox 473 4132 593 4182; x_wconf 90' lang='lat' dir='ltr'><strong>Plinium</strong></span> <span class='ocrx_word' id='word_1_225' title='bbox 607 4134 704 4183; x_wconf 85' lang='lat' dir='ltr'><strong>audire</strong></span> <span class='ocrx_word' id='word_1_226' title='bbox 715 4146 767 4182; x_wconf 91' lang='lat' dir='ltr'><strong>nos</strong></span> <span class='ocrx_word' id='word_1_227' title='bbox 780 4134 933 4186; x_wconf 84' lang='lat' dir='ltr'><strong>credimus,</strong></span> <span class='ocrx_word' id='word_1_228' title='bbox 1017 4149 1020 4160; x_wconf 91' lang='lat'>·</span> 
     </span>
    </p>
   </div>
   <div class='ocr_carea' id='block_1_4' title="bbox 0 0 1554 4964">
    <p class='ocr_par' dir='ltr' id='par_1_4' title="bbox 0 0 1554 4964">
     <span class='ocr_line' id='line_1_34' title="bbox 0 0 1554 4964; baseline 0 0"><span class='ocrx_word' id='word_1_229' title='bbox 0 0 1554 4964; x_wconf 95' lang='lat' dir='ltr'><strong> </strong></span> 
     </span>
    </p>
   </div>
  </div>
 </body>
</html>
