3086 4970
615 451 792 520 ..31-

186 591 252 662 ubi
271 591 390 682 magis
415 591 575 682 proiecto
594 592 744 682 pinguis
773 596 808 661 et
841 591 971 662 llorida
1004 591 1213 681 eloquentia

182 707 421 798 probabatur,
439 711 474 778 et
488 707 585 777 unde
618 728 735 797 nuper
756 727 840 776 cum
859 707 944 777 Atta
959 707 1101 777 Viriola
1120 707 1213 782 mule

183 827 259 892 tam
281 823 436 913 gloriam
459 823 632 894 retulerat
645 825 670 891 ¹.
702 823 802 892 Dixit
822 844 968 913 quoque
987 843 1052 913 pro
1072 824 1208 907 Clario,
1287 855 1291 862 ·

184 959 296 1028 quem
315 939 466 1009 minime
482 939 691 1009 novimusi.
710 937 809 1008 Dixit
828 959 892 1028 pro
909 937 1068 1009 Corellia
1087 943 1213 1010 contra

184 1055 377 1125 Caecilium
423 1055 652 1138 Strabonem,
702 1054 892 1124 consulem
938 1039 1171 1144 designatum
1184 1057 1210 1139 ³,

184 1171 294 1260 cujus
313 1171 514 1241 amicitiam
533 1170 685 1241 colebat.
714 1169 814 1240 Dixit
833 1174 868 1240 et
896 1171 935 1240 in
956 1170 1102 1260 capitali
1123 1191 1210 1260 qua·

184 1285 271 1356 dam
290 1306 402 1358 causa
411 1307 475 1377 pro
489 1286 575 1356 lalsi
596 1307 636 1356 ac
650 1287 815 1356 veneficii
828 1287 902 1356 reis
922 1290 1048 1356 contra
1066 1287 1087 1358 J
1091 1285 1210 1358 ulium

183 1403 400 1474 Africanum
417 1405 444 1472 ⁸·
466 1403 676 1473 Orationem
702 1423 847 1493 quoque
866 1403 1057 1487 habuerat,
1078 1403 1118 1472 in
1137 1424 1211 1493 qua

183 1520 341 1609 patriam
378 1519 439 1606 (id
472 1524 527 1590 est
564 1521 903 1609 Novocomensem)
945 1524 1137 1590 ornaverat
1177 1525 1212 1590 et

183 1634 490 1725 amplificaverat,
523 1635 728 1724 pariterque
760 1639 795 1704 et
822 1635 1028 1705 defensioni
1067 1635 1148 1725 ejus
1177 1640 1212 1706 et

182 1752 308 1842 gloriae
339 1752 514 1822 servierat
528 1752 554 1820 ⁵.
585 1750 771 1841 Denique,
800 1772 845 1821 nc
876 1751 993 1821 ullam
1022 1752 1209 1836 omittam,

182 1866 282 1958 apud
305 1867 510 1958 municipes
543 1868 581 1936 in
598 1861 851 1938 'decurionum
875 1867 976 1938 curia
1007 1869 1209 1938 orationem

183 1982 316 2052 fecerat
335 1983 429 2070 (tum
457 1987 534 2052 erat
560 1982 730 2073 princeps
755 1981 1018 2071 Domitianus),
1046 2004 1130 2052 cum
1157 1983 1211 2053 bi-

181 2097 403 2169 bliothecam
418 2099 544 2189 patriae
566 2119 644 2168 suae
656 2099 851 2182 dicaverat,
866 2104 900 2169 et
919 2119 1064 2169 annuos
1086 2119 1209 2190 sump-

180 2219 246 2286 tus
265 2215 304 2284 in
319 2215 493 2286 alimenta
513 2216 757 2306 ingenuorum
771 2216 959 2306 pollicitus
979 2221 1055 2295 erat
1069 2217 1095 2286 θ.
1116 2281 1117 2286 ,

229 2331 400 2421 Magnam
419 2332 531 2425 igitur
549 2333 589 2402 in
609 2331 762 2402 dicendo
782 2333 937 2423 gloriam
957 2332 1104 2404 Plinius
1125 2354 1209 2404 con-

182 2452 335 2518 secutus
364 2452 432 2534 est,
462 2453 571 2540 atqua
605 2449 758 2519 eximios
787 2450 1009 2540 triumphos
1040 2449 1104 2540 qui
1140 2471 1207 2520 suo

181 2563 337 2635 laudum
361 2565 476 2635 amori
495 2565 601 2636 ualde
620 2565 929 2651 lenocinarentur,
950 2566 1088 2636 retulit.
1118 2567 1209 2639 Nar-

181 2683 239 2748 rat
256 2701 350 2770 saepe
378 2681 568 2766 subsellia,
590 2701 674 2752 curn
694 2682 840 2766 diceret,
862 2682 951 2752 adeo
970 2682 1208 2753 audientibus

180 2795 290 2884 plena
318 2794 448 2882 luisse,
474 2801 516 2867 ut
548 2797 746 2868 multitudo
772 2797 910 2868 circum
932 2796 1077 2887 judices
1105 2798 1207 2888 ipsos

212 3050 221 3085 ¹
239 3051 269 3102 ln
283 3051 363 3114 epist.
374 3047 406 3115 ΙΙ,
421 3051 453 3101 14
463 3051 598 3103 acerrime
612 3056 706 3104 tamen
720 3052 748 3102 in
760 3053 976 3106 centumvirales
994 3065 1095 3104 causas
1105 3049 1209 3110 inuehi·

178 3133 235 3193 tur,
252 3147 264 3178 t
280 3145 380 3195 parvas
394 3135 423 3182 et
436 3132 556 3192 exiles»
572 3133 620 3184 ubi
635 3149 647 3180 a
665 3147 728 3184 raro
743 3133 840 3184 incidit
858 3134 903 3183 vel
925 3146 1109 3196 personarum
1130 3132 1209 3184 clari·

179 3214 237 3261 tate
249 3211 293 3262 vel
302 3211 405 3276 negotii
421 3212 613 3275 magnitudine
624 3213 742 3276 insignis
753 3228 759 3277 ;
774 3229 786 3262 a
798 3213 846 3263 ubi
861 3229 874 3261 u
889 3213 1022 3276 perpauci
1033 3227 1097 3264 cum
1106 3213 1209 3276 quibus

176 3289 256 3354 iuvat
272 3291 374 3351 dicare,
391 3291 498 3342 »multi
516 3292 727 3355 adolescentuli,
746 3292 871 3355 clamosi,
891 3306 1035 3356 procaces,
1057 3292 1207 3344 temerarii.

181 3385 194 3418 a
210 3371 307 3434 Itaque
321 3385 421 3424 sumus
436 3371 518 3422 solito
532 3371 662 3435 rariores,
675 3373 750 3435 quod
764 3373 875 3422 initium
889 3376 933 3423 est
954 3373 1108 3424 desinendi.
1122 3389 1135 3422 a
1156 3371 1209 3432 Qui

179 3451 263 3502 toties
275 3451 444 3502 clamoribus
463 3452 634 3502 adstantium
653 3453 835 3516 superbierat,
856 3453 953 3502 irridet
967 3453 1083 3516 plausus
1094 3466 1166 3516 quos
1179 3453 1209 3506 in

180 3530 298 3581 basilica
312 3531 410 3582 audire
424 3531 489 3582 licet
504 3545 510 3583 :
527 3547 539 3580 r
556 3532 626 3582 scito
643 3546 710 3582 eum
728 3531 849 3596 pessime
868 3533 970 3595 dicere,
990 3533 1037 3596 qui
1051 3533 1210 3584 laudabitur

178 3610 309 3662 maxime.
326 3610 473 3664 »Causam
491 3625 558 3664 sane
572 3612 739 3676 perdiderat,
762 3627 828 3664 cum
851 3616 929 3664 tanta
939 3613 1128 3664 amaritudine
1141 3613 1209 3664 scri-

178 3690 271 3754 beret;
286 3705 386 3756 neque,
398 3697 430 3744 ut
439 3696 561 3758 apparet,
577 3693 609 3742 in
621 3693 765 3744 basilicam
780 3694 820 3744 ire
834 3692 946 3746 desivit.

210 3772 221 3806 ²
237 3769 291 3835 Ep.
307 3771 351 3836 Ill,
366 3772 409 3823 28.

201 3852 222 3885 *³
237 3853 291 3916 Ep.
308 3853 349 3916 lv,
365 3851 404 3903 ll.

210 3929 221 3966 ⁴
237 3929 292 3996 Ep·
310 3931 366 3995 VH,
378 3931 406 3984 60

210 4010 222 4045 i
237 4009 292 4075 Ep.
313 4012 347 4076 Il,
360 4012 386 4068 5.

209 4090 292 4158 ⁰Ep.
311 4092 331 4157 l,
349 4091 377 4148 8.
