3086 4970
701 449 879 520 2-va

276 622 289 656 a
306 592 498 674 «studium,
514 593 655 660 tantam
671 590 778 660 etiam
795 610 921 660 curam
942 591 1302 680 (nimium-estenim

276 737 290 772 «
318 705 746 795 diceresollicitudinem)
755 709 938 796 praestitit,
948 714 987 777 ut
997 709 1169 778 libertum
1180 728 1303 778 meum

276 854 290 888 e
318 829 401 914 post
415 844 472 894 me
498 827 655 892 stentem
677 824 813 912 saepius
833 823 1056 909 admoneret,
1084 825 1304 894 vooilateri-

274 969 290 1002 a
318 961 388 1029 que
417 939 661 1022 consulerem,
690 959 774 1008 cum
798 959 856 1011 me
878 941 1133 1012 vehementius
1160 945 1304 1030 putaret

275 1081 304 1126 ιι
318 1057 473 1142 intendi,
495 1077 606 1147 quam
620 1056 806 1147 gracilitas
820 1077 902 1127 mea
927 1058 1063 1148 perpeti
1085 1060 1212 1147 posset
1230 1059 1257 1124 ¹.
1286 1082 1301 1118 u

274 1175 346 1244 Pro
374 1175 491 1244 Mario
516 1173 643 1243 Prisco
659 1172 830 1242 dixerunt
849 1173 1029 1244 Claudius
1049 1173 1303 1256 Marcellinus

276 1290 405 1359 Cetius
426 1291 576 1371 Fronto,
598 1293 645 1372 et,
664 1289 764 1377 quod
794 1289 956 1378 gravius·
972 1293 1064 1359 erat·
1081 1290 1304 1378 majorisque

275 1405 466 1488 momenti,
488 1405 634 1474 Salvius
660 1405 852 1488 Liberalis
877 1405 970 1475 «vir
999 1406 1162 1489 subtilis,
1184 1405 1305 1495 dispo-

277 1519 391 1603 situs,
408 1540 503 1604 acer,
520 1520 695 1613 disertus
716 1520 780 1609 qui
800 1521 839 1590 iu
858 1521 923 1590 ille
938 1541 1050 1591 causa
1065 1541 1192 1592 omnes
1208 1524 1305 1590 artes

278 1655 367 1706 suas
387 1636 551 1725 protulit.
582 1662 597 1698 »
623 1636 793 1706 Attamen
812 1637 852 1705 in
872 1637 1026 1707 Cornuti
1046 1637 1202 1707 Tertulli
1223 1656 1304 1706 sen-

273 1753 427 1822 tentiam
441 1752 609 1842 -plerique
639 1757 826 1822 senatores
851 1754 1021 1840 iverunt3
1044 1754 1196 1823 Priscus
1213 1773 1304 1844 sep-

274 1868 441 1958 tingenta
471 1868 615 1952 millia,
647 1887 728 1958 quae
757 1874 962 1959 acceperat,
993 1870 1123 1939 aerario
1156 1870 1300 1954 intulit,

273 1984 405 2074 illique
420 1984 518 2054 Urbe
532 1988 567 2054 et
581 1985 686 2054 ltalia
698 1984 949 2072 interdictum;
967 1991 1139 2077 praeterea
1151 1989 1302 2056 senatus
1398 2019 1402 2025 ·

271 2099 471 2170 arbitratus
492 2103 548 2168 est
572 2099 738 2169 Plinium
767 2103 801 2168 et
820 2100 989 2170 'Peritum
1008 2101 1175 2190 injuncta
1194 2100 1303 2170 advo-

272 2214 627 2304 cationeciligenter
641 2215 853 2304 fortiterque
869 2235 951 2286 esse
976 2215 1135 2286 iunctos.
1157 2217 1302 2285 Vicerat

273 2329 445 2401 Plinius:
468 2330 652 2400 duriorem
671 2335 793 2400 tamen
808 2351 966 2421 poenam,
993 2332 1097 2402 credo
1109 2332 1301 2422 equidem,

273 2443 400 2515 Prisco
416 2446 578 2535 petierat,
596 2451 637 2514 ut
652 2467 694 2516 ex
719 2447 890 2517 iuvenali
913 2448 1082 2537 conjicio,
1099 2449 1170 2537 ,qui
1193 2449 1302 2518 inane

272 2560 390 2630 fuisse
405 2561 475 2632 hoc
487 2560 671 2650 jndicium
686 2562 866 2632 declarat:

557 2717 578 2738 ·’
643 2729 648 2739 ‘
753 2721 803 2773 llic
816 2723 965 2773 damnatus
978 2721 1053 2773 inani

443 2801 561 2865 iudicio,
581 2801 657 2868 (quid
669 2802 744 2853 enim
764 2802 849 2852 salvis
861 2802 975 2852 infamia
986 2802 1111 2852 nummis
1117 2803 1141 2867 t)

445 2882 530 2933 Exsul
539 2883 574 2933 ab
586 2887 683 2933 octava
699 2883 802 2932 Marius
813 2882 882 2932 bibit
899 2887 926 2932 et
938 2882 1040 2931 fruitur
1054 2881 1102 2932 Dis

437 2962 542 3013 isatis:
558 2967 586 3013 at
600 2966 640 3026 tu,
655 2962 755 3012 victrix
765 2961 916 3026 provincia,
930 2961 1050 3024 plor-ast.

270 3112 403 3182 Actum
427 3116 483 3182 est
501 3116 628 3201 postea
660 3112 698 3180 in
712 3103 715 3108 ’
728 3111 948 3193 Firminum,
962 3102 964 3110 '
977 3107 1299 3199 Prisci'legatum,

272 3227 335 3316 qui
351 3247 425 3297 non
441 3247 484 3297 ex
502 3226 628 3296 ordine
644 3227 714 3296 fuit
734 3227 943 3308 submotus,
959 3229 1000 3294 ut
1013 3225 1203 3296 Tertullus
1220 3245 1301 3294 cen-

273 3347 417 3427 suerat,
454 3340 517 3412 sed
550 3347 695 3411 tantum
732 3343 770 3410 in
806 3341 994 3410 sortitione
1027 3342 1301 3432 provinciarum

272 3457 437 3555 omissus
460 3478 467 3528 :
490 3479 532 3528 ex
557 3479 629 3547 quo
658 3458 794 3527 elarius
815 3453 924 3527 etiam
943 3455 1091 3546 apparet
1119 3478 1201 3526 reos
1226 3478 1300 3526 non

270 3594 378 3664 poena
406 3574 452 3642 ab
472 3575 733 3643 accusantibus
753 3573 937 3664 postulata
968 3573 1085 3642 fuisse
1112 3571 1260 3642 allectos
1273 3574 1298 3640 ³.

302 3784 311 3820 ¹
328 3783 383 3848 Ep.
396 3785 429 3841 ll.
445 3785 489 3836 lt.

300 3864 387 3914 ’Son
407 3866 428 3926 I,
443 3866 469 3918 5.

298 3943 313 3978 ⁸
327 3945 431 3996 Plinius
444 3950 548 4004 tamen,
566 3950 596 3995 ut
607 3946 691 3996 homo
703 3945 750 4008 qui
763 3946 868 4007 optima
879 3959 996 4009 semper,
1018 3958 1139 4008 quaeque
1156 3946 1191 3996 ad
1207 3946 1300 4010 ipsum

269 4025 452 4087 pertinebant,
460 4025 640 4077 existimaret.
650 4026 892 4075 contentissimum
901 4039 931 4076 se
939 4024 1199 4082 senatussententia
1212 4025 1299 4078 ruisse

269 4104 412 4166 processus
426 4107 481 4156 est.
