3086 4970
648 461 826 533 ..23-

222 604 309 674 nias
326 603 522 694 spectabat,
540 604 729 693 judicibus
755 604 925 692 reliquit3
953 604 1052 693 quod
1075 604 1121 673 ad
1144 605 1250 673 irino-

221 725 344 790 centes
360 721 553 791 damnatos
570 719 851 810 interfectosque
868 713 1007 810 argenti
1026 721 1154 810 pretia,
1176 720 1248 789 sihi

220 839 384 909 retinuit.
411 836 527 907 Paule
546 842 630 928 post
652 837 804 907 Priscus
832 857 852 906 a
870 836 1060 926 judicibus
1081 835 1124 906 de
1143 851 1250 926 pecu-

219 953 296 1024 latu
330 954 549 1041 damnatus;
572 951 648 1040 ¹sed
687 953 827 1043 aliquot
855 972 1001 1022 menses
1032 953 1131 1025 fuere
1151 957 1251 1023 ante-

220 1091 331 1162 quam
350 1072 391 1141 in
408 1073 538 1140 senatu
559 1069 726 1160 capitalis
743 1089 855 1138 causa
874 1074 1062 1159 ageretur;
1097 1089 1184 1138 nam
1206 1088 1248 1138 ex

218 1186 407 1279 provincia
437 1185 544 1256 multi
571 1189 685 1255 testes
716 1184 896 1272 arcessiti,
920 1185 1119 1275 pluresque
1139 1185 1248 1254 etiam

218 1301 348 1372 adesse
365 1302 478 1392 Junci,
501 1302 599 1372 utin
621 1302 755 1371 scelere
776 1301 895 1371 Prisci
916 1307 1118 1372 consortes.
1139 1301 1248 1372 Venit

217 1420 365 1490 tandem
379 1419 444 1488 illa
456 1419 536 1488 dies
553 1439 634 1508 quac
650 1418 746 1488 dicta
760 1418 902 1488 fuerat:
925 1425 1076 1487 senatus
1092 1416 1248 1487 celeber-

217 1537 351 1619 rimus,
373 1539 408 1606 et
427 1536 535 1625 cujus
555 1536 633 1625 ipsc
650 1539 868 1624 conspectus
897 1534 1248 1622 fuant-augustissi-

218 1669 327 1740 mus3
349 1651 518 1742 princeps
535 1651 720 1740 Trajanus
740 1651 831 1738 (erat
850 1649 949 1719 enim
965 1651 1134 1739 consul¹)
1156 1667 1246 1740 praee

218 1769 383 1855 sidehat3
409 1787 527 1858 neque
545 1768 671 1837 minus
692 1767 823 1836 'diebus
842 1766 963 1836 tribus
986 1759 1081 1855 'opus
1101 1765 1183 1850 fun,
1205 1770 1246 1835 ut

216 1904 275 1954 res
295 1877 544 1954 conficeretur.
574 1913 589 1948 α
612 1884 731 1966 Quam
747 1883 953 1973 antiquum,
982 1899 1093 1973 quam
1114 1900 1246 1953 consu·

215 1999 304 2085 lare,
339 2000 438 2089 quod
466 2000 632 2070 triduum
662 2003 781 2069 totum
808 2003 960 2068 senatus
981 1999 1051 2068 suh
1081 1999 1244 2088 exemplo

214 2115 269 2184 tui
300 2115 406 2199 sedit,
424 2135 508 2185 cum
532 2116 669 2185 interea
689 2114 783 2183 nihil
803 2117 933 2204 praeter
952 2111 1144 2183 consulem
1164 2131 1258 2203 aga·

215 2235 296 2300 res!
321 2257 336 2293 »
358 2231 416 2300 Sic
436 2231 475 2298 in
493 2229 761 2322 Paneqyrico²
782 2229 929 2299 Plinius
945 2229 1148 2317 Trajanum
1166 2227 1245 2298 lau·

215 2345 288 2430 dat,
314 2345 413 2435 quod
432 2364 612 2435 quemque
628 2344 786 2428 dicendi,
816 2343 1079 2432 interrogandi,
1109 2349 1143 2413 et
1169 2337 1244 2413 dis·

215 2447 396 2532 sentiendi
409 2465 611 2552 compotem
624 2461 758 2530 fecerit.
771 2461 892 2530 Pauca
908 2458 1055 2529 Plinius
1067 2460 1110 2530 de
1126 2461 1242 2530 Taciti

214 2579 389 2662 oratione,
411 2579 474 2667 qui
497 2605 510 2641 c
534 2577 835 2668 eloquentissime
851 2575 1053 2666 respondit,
1075 2581 1121 2662 et,
1143 2570 1241 2666 quod

213 2695 388 2764 eximium
425 2695 581 2765 crationi
614 2695 696 2784 ejus
728 2695 839 2778 inest,
863 2719 1013 2783 σεμνῶς.»
1056 2694 1169 2765 Plura
1196 2695 1240 2764 de

213 2831 265 2896 se,
304 2811 348 2880 de
372 2813 470 2881 metu
495 2809 639 2880 dicendi
667 2810 707 2879 in
730 2810 795 2878 1110
824 2807 931 2894 caetu,
956 2815 1135 2900 prasente
1164 2810 1241 2880 Cec-

212 2946 306 3010 sare,
327 2925 483 3014 denique
512 2925 554 2996 de
585 2946 653 2994 sua
681 2921 843 2996 oratione
873 2947 984 3016 quam
1006 2925 1239 3010 habuit‚n0n

210 3042 364 3125 minore,
385 3045 426 3113 ut
446 3041 508 3123 ait,
534 3040 763 3110 audientium
783 3061 955 3125 assensu,
973 3062 1083 3129 quam
1106 3041 1239 3130 sollici-

209 3152 338 3227 tudine
352 3177 432 3226 sua.
457 3184 471 3220 α
494 3155 577 3226 Dixi
597 3157 700 3227 horis
723 3179 826 3248 paene
847 3159 1008 3249 quinque
1030 3147 1130 3244 (narn
1150 3155 1239 3226 duc-

213 3302 226 3336 «
255 3273 371 3342 decim
391 3272 635 3363 clepshydris‚
657 3294 750 3362 quas
778 3273 1068 3372 spatiosissimas
1096 3262 1238 3364 accepe-

212 3418 226 3452 «
254 3409 345 3472 ram,
363 3392 450 3458 sunt
469 3383 600 3458 additae
615 3391 812 3479 quatuor):
835 3389 924 3459 adeo
953 3390 1018 3458 illa
1041 3391 1135 3481 ipsa,
1153 3408 1237 3480 quae

212 3530 225 3564 c
254 3501 346 3572 dura
378 3507 414 3573 et
442 3503 595 3573 adversa
628 3503 769 3573 dicturo
795 3504 1036 3590 videbantur,
1073 3507 1237 3579 secunda

211 3616 388 3715 indicenti
421 3619 590 3690 fuerunt!
635 3619 761 3689 Ceasar
786 3620 936 3709 quidem
964 3617 1056 3689 mihi
1089 3621 1234 3690 tantum

239 3874 248 3910 ¹
264 3874 294 3924 Id
306 3878 358 3938 est,
370 3875 449 3926 initio
462 3877 528 3928 anni
541 3877 588 3928 100
601 3877 708 3941 (mense
719 3875 866 3939 januario).
880 3876 918 3926 De
939 3875 1021 3926 tertio
1039 3877 1148 3939 Traiani
1166 3877 1233 3928 een-

207 3954 407 4018 sulatuagltur.
420 3956 471 4019 Gi,
484 3958 558 4020 apud
570 3957 734 4018 Mommsen,
749 3955 836 4006 fastos
848 3956 1015 4008 consulares·
1023 3957 1076 4007 sub
1090 3952 1189 4008 N'er'v'ae
1200 3973 1233 4012 ac

207 4036 315 4100 Traiani
327 4038 484 4102 principatu
498 4039 557 4106 (Op.
571 4039 641 4104 cit).
1100 4047 1103 4052 '
1231 4045 1237 4068 '·

237 4117 333 4170 ²Pan.
351 4117 391 4174 m,
