3086 4970
619 508 797 577 ..73-

199 653 291 720 tanti
313 651 448 721 imitari
468 650 663 740 putabunt,
681 650 790 719 etiam
806 649 927 719 Plinio
944 650 1019 718 sint
1033 650 1227 719 meliores:

199 768 309 838 timeo
326 789 370 838 ne
389 768 531 858 pej0res
545 767 764 851 evasissent,
773 787 884 856 quam
899 767 931 835 si
944 767 1229 836 Demosthenem

200 883 322 953 solum
351 884 483 952 imitati
503 884 674 953 luissent.
703 885 829 971 Neque
850 903 888 951 se
910 882 1032 951 solum
1052 887 1228 970 tanquam

198 1001 363 1090 regulam
378 1006 413 1070 et
427 1001 644 1090 magistrum
656 1000 892 1090 proponebat,
914 999 978 1068 sed
994 1003 1040 1082 et,
1058 997 1155 1087 quod
1171 997 1230 1066 de-

198 1117 314 1187 terius
344 1121 432 1201 erat,
465 1118 601 1186 amicos
640 1121 675 1186 et
706 1115 908 1186 familiares
934 1122 1111 1204 tanquam
1151 1135 1227 1184 suae

199 1231 420 1321 eloquentiae
434 1233 592 1302 arbitros
605 1232 833 1301 instituebat.
848 1230 1097 1319 Quacumque
1114 1231 1226 1319 scrip-

201 1349 263 1432 sit,
295 1349 424 1418 amicis
448 1349 549 1418 dedit
569 1347 797 1418 emendanda
824 1347 1128 1437 corrigendaque3
1165 1346 1229 1415 sed

202 1465 330 1550 simul,
345 1486 426 1554 quae
441 1465 619 1555 mittebat,
633 1465 747 1533 tantis
766 1462 942 1533 laudibus
956 1464 1034 1553 ipse
1049 1482 1230 1533 commen·

201 1582 323 1666 dabat,
344 1587 387 1652 ut
407 1581 665 1652 difficillimum
689 1580 824 1649 luisset
845 1580 1047 1669 quidquam
1066 1580 1105 1648 in
1125 1599 1230 1669 opere

200 1703 275 1768 tam
299 1698 448 1768 laudato
473 1696 747 1787 reprehendere.
769 1696 827 1766 Sic
849 1696 1003 1766 Arriano
1030 1697 1231 1766 orationem

201 1815 313 1884 mittit
336 1815 466 1904 figuris
490 1814 655 1904 plenam,
686 1818 721 1883 et
747 1830 860 1894 tantove
886 1833 1082 1898 amoenam,
1112 1831 1231 1882 aorem

200 1933 337 2014 tamen,
353 1934 395 1999 ut
412 1930 513 2013 dicit,
534 1933 568 1998 et
582 1930 866 2000 vehementemi.
891 1929 950 1999 Sic
977 1929 1149 2018 Pompeio
1170 1929 1232 1998 Sa-

200 2046 352 2115 turnino
372 2046 585 2130 orationem,
617 2066 728 2134 quam
754 2047 850 2136 apud
874 2045 1078 2135 municipes
1101 2044 1231 2115 biblio·

200 2162 345 2232 thecam
374 2161 610 2231 dedicaturus
629 2163 819 2246 habuerat,
841 2163 965 2246 mittit,
992 2167 1166 2252 rogatque
1188 2165 1231 2230 ut

202 2299 276 2348 non
309 2282 454 2347 tantum
491 2279 723 2348 universitati
762 2281 842 2369 ejus
880 2279 1063 2363 attendat,
1101 2299 1229 2348 verum

201 2395 311 2463 etiam
351 2394 549 2485 particulas
590 2415 662 2483 qua
697 2395 789 2465 solet
821 2394 909 2464 lima
941 2396 1227 2485 persequatur2:

201 2511 308 2580 amici
328 2531 549 2600 responsum
564 2532 638 2581 non
657 2511 861 2599 habemus;
881 2512 958 2596 sed,
979 2516 1020 2580 ut
1047 2512 1131 2581 licet
1157 2530 1230 2580 cre·

202 2626 299 2712 dere,
316 2648 391 2696 non
410 2626 527 2696 multo
548 2629 708 2698 severior
723 2628 793 2697 luit
813 2649 895 2718 erga
914 2629 1079 2698 Plinium
1107 2629 1229 2698 Satur-

201 2744 329 2827 ninuS,
346 2763 456 2832 quam
469 2742 615 2813 Plinius
631 2765 714 2834 erga
726 2745 967 2814 Saturninum
979 2765 1060 2814 esse
1076 2763 1229 2813 consue-

200 2861 342 2931 vorata
373 2859 432 2929 Sic
456 2861 618 2949 Luperco
649 2882 793 2951 quoque
823 2860 1025 2951 longiorem
1048 2861 1228 2930 actionem

203 2975 387 3062 exhibeu3
403 2977 467 3045 sed
481 2977 650 3065 quamvis
666 2977 782 3047 amico
798 2977 998 3047 liberaliter
1012 2976 1229 3046 emendandi

203 3096 312 3181 atque
340 3092 528 3162 resecandi
567 3093 708 3183 copiam
743 3093 902 3177 dederat,
942 3093 1131 3182 aegerrime
1164 3091 1232 3162 lert

204 3208 302 3296 quod
318 3208 505 3298 Lupercus
525 3208 631 3298 plura
651 3213 692 3276 ut
710 3209 852 3277 tumida
877 3209 1094 3291 emendavit,
1121 3213 1229 3297 atque

202 3332 244 3392 ut
260 3343 528 3413 supervacanea
547 3325 740 3393 resecuit⁵.
767 3325 925 3394 Minutio
942 3345 1102 3416 ‘quoque
1125 3324 1230 3393 libel-

201 3438 281 3508 lum
307 3440 576 3510 emendandum
605 3441 733 3524 mittit,
774 3441 838 3509 sed
869 3441 973 3510 timet
1010 3461 1054 3510 ne
1088 3441 1231 3510 amicus

202 3572 336 3639 κακόζηλος
361 3557 431 3640 sit,
458 3560 493 3624 et
522 3556 658 3645 optima
686 3575 866 3645 quaeque,
895 3557 1034 3627 scilicet
1061 3557 1231 3627 sonantia
1301 3643 1304 3650 Ι

232 3761 242 3796 ¹
259 3761 314 3825 np.
331 3763 352 3825 1,
367 3763 391 3813 1.

233 3840 303 3894 rra.
325 3842 344 3903 1,
360 3841 387 3891 a.

232 3920 305 3974 ³1c.
326 3923 348 3981 1,
361 3921 400 3971 ro.

233 4000 245 4034 ⁴
261 4002 307 4050 ra.
326 4002 361 4062 11,
377 4002 403 4053 5.

237 4080 315 4144 ⁸Ep.
334 4081 377 4142 IX,
393 4081 435 4134 26.
456 4081 517 4130 Non
532 4083 566 4130 de
578 4083 675 4132 eadem
687 4085 796 4134 actione
811 4086 924 4135 forsitan
946 4085 1044 4146 agitur,
1067 4083 1101 4133 de
1127 4098 1182 4147 qua
1203 4084 1230 4134 in

205 4159 261 4222 Ep.
276 4161 308 4222 ll,
326 4161 342 4208 5
358 4175 363 4210 τ
381 4161 430 4210 sod
445 4162 521 4224 parvi
536 4161 574 4210 rei
590 4162 717 4213 interest.
