3086 4970
610 512 788 582 ..75-

186 655 273 726 nius
297 657 497 726 orationem
518 655 770 726 studiosorum
789 653 942 724 arbitrio
963 652 1212 726 accommoda-

184 771 258 857 bat,
276 773 340 843 sed
360 777 394 844 et
411 778 608 863 antequam
626 773 805 855 recitaret,
826 791 910 840 curn
932 769 971 838 in
997 773 1128 840 senatu
1147 774 1212 842 aut

184 889 281 978 apud
297 891 544 962 centumviros
556 891 718 972 haberet,
730 888 883 978 jamjam
901 885 1209 960 accommodabat.

184 1004 286 1074 Dixit
315 1007 411 1076 enim
437 1008 560 1096 (atque
593 1007 733 1075 utinam
762 1024 836 1074 non
870 1002 1024 1072 dixisset
1036 1005 1088 1092 i):
1112 1003 1212 1076 «nst

182 1121 298 1191 oratio
318 1123 472 1193 actionis
498 1122 681 1213 exemplar
709 1125 743 1192 et
767 1121 876 1210 quasi
894 1119 1067 1212 ἀρχέτυπον1
1080 1139 1090 1207 ;
1113 1145 1128 1182 a
1157 1120 1211 1192 sic

182 1242 317 1322 orator,
334 1259 418 1309 cum
438 1238 619 1328 loquitur,
636 1257 710 1308 non
724 1236 873 1326 quidam
890 1236 1068 1308 actionem
1099 1253 1210 1324 quam

181 1354 306 1439 habet,
327 1376 456 1426 verum
478 1355 691 1438 orationem,
708 1373 819 1444 quam
835 1358 963 1442 postea
980 1356 1036 1423 ast
1056 1352 1210 1442 scriptu-

180 1490 261 1554 rnS,
278 1475 399 1541 mente
420 1470 524 1540 debet
543 1470 699 1557 intueri3
721 1475 769 1556 et,
789 1468 970 1560 quidquid
992 1467 1141 1552 dicitur,
1162 1465 1210 1536 sl·

181 1585 382 1656 millimum
411 1607 493 1657 esse
520 1585 663 1657 debebit
683 1585 715 1655 ai
730 1585 834 1676 quod·
847 1585 1039 1668 scribetur,
1059 1588 1094 1654 et
1110 1585 1208 1674 quod

183 1702 358 1792 scriptum
385 1701 606 1772 recitabitur.
629 1701 723 1772 Cum
743 1702 945 1772 amicorum
966 1700 1105 1791 judicio
1129 1705 1209 1772 tan-

180 1821 262 1888 tum
291 1819 498 1902 inserviret,
530 1837 679 1888 necesse
707 1822 783 1888 erat
801 1822 843 1886 ut
862 1837 991 1888 omnes
1010 1817 1208 1902 crationes,

181 1939 359 2023 tanquam
385 1935 605 2005 recitaturus
632 1939 751 2019 asset,
782 1938 1026 2024 componeret.
1061 1934 1209 2024 Semper

181 2055 264 2120 ante
284 2052 411 2122 oculos
431 2052 589 2124 habebat
601 2052 709 2121 illum
722 2051 830 2140 quasi
844 2051 1050 2121 litterarum
1062 2069 1208 2140 areopa-

177 2185 282 2255 gum,
303 2166 362 2236 cui
382 2168 519 2251 omnia,
544 2187 625 2256 qua
649 2187 667 2236 e
687 2167 827 2236 calamo
847 2165 1072 2249 excidebant,
1099 2185 1207 2256 opera

181 2281 424 2370 permittebat,
450 2287 615 2371 atquem
640 2282 762 2352 omnis
790 2282 982 2372 elegantiae
1004 2285 1113 2372 atqua
1134 2281 1207 2352 elo·

180 2399 339 2485 quentiae
360 2399 538 2468 arbitrum
558 2399 778 2471 aestimabat.
801 2398 953 2480 Quoties
981 2397 1206 2468 auditorium

179 2512 471 2603 ingrediebatur,
511 2515 691 2605 pallebat,
722 2520 759 2584 ct
790 2515 1040 2598 horrescebat,
1077 2518 1112 2584 et
1139 2514 1207 2584 cir·

180 2631 455 2720 cumspiciebat,
486 2633 680 2720 omniaque
704 2633 787 2702 haec
819 2632 978 2702 multum
1010 2630 1056 2701 ad
1086 2649 1206 2702 emen-

179 2744 339 2815 dandam
354 2747 555 2817 orationem
570 2747 741 2837 prolicere
760 2747 953 2836 putabat21
968 2746 1045 2830 sed,
1062 2767 1147 2816 cum
1166 2747 1205 2816 in

179 2862 281 2931 curia
306 2865 369 2932 aut
388 2863 427 2932 in
445 2862 599 2932 basilica
625 2861 771 2946 diceret,
792 2881 915 2932 nonna
943 2863 1118 2952 praeteriti
1142 2867 1206 2932 aut

179 2977 295 3048 futuri
307 2977 480 3048 auditorii
496 2985 617 3048 metus
630 2997 714 3050 eum
729 2979 1009 3048 exstimulabatt
1027 2979 1048 3049 J
1052 2999 1109 3048 am
1124 2982 1204 3048 tum

178 3091 397 3181 loquebatur
414 3113 488 3162 non
502 3079 623 3164 solum
639 3097 679 3164 ut
693 3094 866 3176 vinceret,
876 3093 1094 3183 judicesque
1109 3113 1201 3164 com·

179 3212 352 3292 moveret,
375 3208 439 3280 sed
459 3213 500 3278 ut
521 3207 699 3293 delicatis
723 3228 879 3297 quorum
907 3228 1004 3278 unus
1028 3213 1092 3278 aut
1113 3209 1205 3278 alter

177 3323 273 3393 inter
296 3323 486 3394 audientes
513 3324 732 3408 adsistebat,
762 3324 940 3414 placeret3
970 3345 1082 3414 quare
1108 3325 1205 3396 dicta

177 3439 342 3523 ornabat,
365 3441 556 3510 sententiis
581 3461 622 3510 ac
649 3441 791 3510 salibus
816 3440 1078 3532 distinguebat,
1105 3441 1204 3512 dani-

177 3576 248 3644 que
264 3577 391 3626 omnes
405 3556 492 3626 illos
512 3556 757 3652 calamistros,
771 3556 856 3627 illas
871 3558 1041 3647 phaleras
1062 3579 1204 3648 sparge-

177 3671 251 3754 bat,
279 3672 414 3761 quibus
437 3673 475 3741 in
503 3673 689 3742 recitando
721 3679 944 3743 assueverat.
962 3675 1091 3744 Aiebat
1106 3676 1204 3744 anim

177 3807 260 3855 cum
281 3788 440 3876 quadam
462 3787 695 3878 simplicitate
714 3810 721 3859 :
743 3817 756 3852 e
781 3791 931 3874 OmneS,
953 3791 1016 3880 qui
1035 3789 1203 3882 placendi

207 4087 216 4121 ¹
232 4085 287 4150 Ep.
308 4088 329 4150 1,
341 4087 384 4143 20.

206 4165 217 4202 ²
233 4167 278 4216 Id.
301 4167 354 4231 VII,
370 4168 410 4220 17.
