3086 4970
307 611 376 690 est,
393 627 490 676 anno
504 607 561 690 98,
583 605 829 696 omnibusque
850 603 1166 689 advocationibus,
1195 605 1332 695 quibus

307 723 473 812 alioquin
494 743 686 813 nunquam
700 723 908 814 promiscue
931 726 1006 792 erat
1021 722 1184 805 iunctus
1200 741 1335 791 renun-

306 839 425 923 tiavit,
447 843 488 909 ut
501 843 577 908 toto
597 840 719 909 'animo
736 838 899 928 delegato
921 837 991 907 sibi
1012 837 1130 908 officio
1149 843 1292 908 vacaret
1305 840 1333 907 ¹.

308 956 548 1026 Renuntiavit
572 956 733 1044 quidem,
759 959 979 1025 nontamen
1003 954 1099 1024 ultra
1125 975 1266 1024 annum
1290 953 1335 1026 99
1358 1044 1360 1048 ¹

310 1091 348 1141 se
359 1072 509 1142 omnino
524 1092 696 1142 excusare
711 1072 841 1163 potuit.
856 1073 952 1141 Tum
968 1071 1066 1141 enim
1080 1069 1158 1140 Airi
1171 1071 1336 1142 Plinium

308 1192 504 1278 patronum
524 1192 739 1278 optaverunt
754 1193 879 1258 contra
894 1187 1052 1258 Marium
1073 1188 1242 1257 Priscum
1256 1207 1337 1278 pro-

310 1303 501 1374 consulem
516 1304 802 1394 repetundarnm
820 1324 937 1388 reum,
959 1308 1005 1388 et,
1022 1303 1120 1394 quod
1135 1304 1336 1373 immanius

311 1425 399 1503 erat,
421 1420 588 1509 capitalis
603 1421 656 1490 rei
672 1420 903 1505 arcessitum,
921 1420 1060 1490 scilicet
1083 1419 1146 1509 qui
1167 1420 1212 1489 ob
1232 1420 1338 1489 inno-

312 1540 435 1606 centes
457 1537 768 1621 condemnandos,
794 1535 1065 1607 interficiendos
1087 1537 1208 1620 etiam,
1231 1555 1338 1627 pecu-

312 1652 394 1720 nias
437 1653 649 1743 accepisset.
693 1653 803 1722 Peiiit
834 1654 980 1722 veniam
1017 1652 1131 1742 hujus
1172 1652 1338 1722 muneris

313 1767 460 1838 Plinius
490 1773 524 1837 et
556 1770 774 1859 impetravit.
806 1770 962 1839 Senatus
994 1773 1135 1852 tamen,
1168 1767 1338 1858 quamvis

313 1885 546 1954 excusatione
579 1890 740 1976 recepta,
762 1886 876 1955 Plinii
907 1890 941 1955 et
968 1886 1084 1955 Taciti
1120 1885 1270 1955 nomina
1300 1885 1340 1953 in

314 2021 446 2070 urnam
467 2002 633 2090 conjecit,
656 2023 790 2092 eosque
820 2002 865 2071 ad
891 2002 1140 2072 accusandum
1169 2001 1339 2070 Priscum

314 2113 538 2206 designavit3
561 2139 626 2188 neo
643 2119 720 2208 jam
739 2123 814 2187 tam
829 2139 935 2208 grave
952 2119 1186 2209 amplumque
1202 2137 1352 2186 munus,

315 2233 618 2319 detrectaverunt,
641 2239 824 2304 annuente
845 2235 1015 2324 Trajano.

327 2355 330 2361 “
361 2351 452 2419 Rem
468 2371 510 2420 ex
529 2351 656 2420 ordina
672 2350 819 2420 Plinius
834 2352 996 2420 narravit
1010 2353 1036 2418 ².
1060 2350 1226 2421 Primum
1246 2369 1343 2439 quae-

318 2455 432 2534 situm
448 2469 503 2535 est
522 2486 570 2533 an
586 2467 713 2536 Prisco
725 2467 883 2555 jndices,
900 2472 945 2536 ut
963 2465 1114 2556 rogabat
1129 2467 1229 2553 (nam
1246 2466 1344 2555 judi-

318 2581 416 2649 eium
437 2586 588 2650 sanatus
612 2603 698 2652 reus
717 2581 1003 2672 reformidabat),
1025 2588 1211 2673 apraetore
1231 2582 1344 2652 dandi

319 2699 455 2765 essent.
478 2697 628 2766 Tacitus
653 2718 694 2767 ac
721 2698 868 2767 Plinius
895 2719 1029 2788 magna
1056 2699 1092 2768 vi
1121 2701 1345 2767 censuerunt

320 2817 469 2880 causam
488 2833 509 2880 a
529 2817 658 2882 senatu
678 2813 907 2882 retinendam
927 2834 1021 2898 esse,
1038 2833 1102 2903 pro
1117 2813 1345 2883 immanitate

322 2926 501 2996 scelernm
521 2927 564 2996 de
585 2929 721 3016 quihus
746 2929 898 2998 Priscus
918 2930 1186 3019 postulabatur.
1210 2931 1345 2998 Fronto

321 3043 451 3112 Catius
467 3047 604 3128 contra,
624 3071 637 3107 a
655 3045 712 3114 vir
726 3042 990 3113 movendarum
1004 3044 1240 3114 lacrimarum
1255 3043 1348 3135 pari-

321 3159 507 3244 tissimus,
539 3185 553 3221 »
583 3165 638 3229 est
657 3149 870 3249 deprecatus
891 3160 1044 3248 nequid
1065 3159 1161 3228 ultra
1180 3163 1348 3250 repetun-

324 3274 453 3343 darum
466 3273 582 3366 legem
598 3279 820 3370 quaereretur
833 3296 842 3361 ;
864 3275 1012 3345 tandem
1026 3276 1064 3344 in
1078 3277 1098 3345 J
1102 3276 1169 3344 ulii
1186 3275 1347 3358 Ferocis,

323 3389 489 3459 consulis
509 3390 703 3479 designati,
719 3391 938 3460 sententiam
954 3395 1104 3460 senatus
1118 3393 1197 3476 ivit,
1210 3410 1349 3461 causae-

224 3557 226 3564 <
325 3525 394 3593 que
411 3504 630 3592 divisionem
647 3507 800 3576 statuit:
823 3506 920 3594 qnod
936 3507 982 3576 ad
1001 3507 1221 3597 repetendas
1244 3527 1350 3597 pecn-

356 3719 365 3753 ¹
382 3718 438 3780 Ep.
458 3717 494 3766 ad
511 3718 583 3780 Trai.
596 3718 612 3768 3
626 3718 790 3782 (secundum
804 3713 882 3783 Keilt'.
896 3736 908 3767 u
924 3721 959 3770 Ut
968 3721 1090 3784 primum
1103 3735 1157 3784 me,
1170 3719 1291 3783 domina,
1307 3720 1350 3769 in·

325 3799 467 3861 dulgentia
478 3799 615 3862 vestraiid
627 3805 664 3848 art
676 3799 769 3848 Nesaea
780 3814 812 3848 ao
827 3799 948 3865 Traiani)
962 3801 1100 3864 promovit
1108 3801 1143 3851 ad
1156 3800 1351 3862 praetenturam

326 3879 417 3928 aerarii
432 3878 572 3928 Saturni...
591 3895 602 3926 s
615 3878 724 3941 Collega
736 3879 776 3928 illi
787 3879 927 3929 Tertullus
938 3881 998 3944 init,
1007 3882 1113 3944 collega
1124 3886 1152 3930 et
1162 3880 1191 3929 in
1203 3879 1351 3929 consulatu

326 3957 398 4022 (too),
413 3973 495 4022 quein
510 3959 596 4021 gessit
610 3973 675 4008 curn
686 3960 863 4021 praeieetura.
878 3961 1075 4011 Praefecturam
1086 3961 1161 4011 enim
1173 3961 1265 4010 adhue
1277 3971 1351 4014 anno

325 4037 370 4088 lot
384 4041 538 4102 exercebat,
552 4045 584 4088 nt
600 4043 674 4102 patet
689 4053 723 4092 ex
738 4040 821 4102 epist.
841 4041 884 4098 ΙΙΙ,
898 4040 924 4092 6.

358 4117 370 4154 ²
384 4117 438 4170 Eo.
459 4119 492 4180 ΙΙ,
509 4119 551 4168 ll.
