3086 4970
596 484 775 552 ..49-

173 625 342 708 «relata,
374 623 522 692 interim
556 623 601 692 ad
632 643 884 714 personam...
916 623 1020 694 Hanc
1053 626 1200 714 quidem

174 769 187 805 1
215 745 357 832 partem
374 739 672 828 enthymematis,
693 739 843 828 quidam
863 739 1011 809 initium
1026 744 1090 808 aut
1104 741 1201 810 cleu-

175 885 191 925 «
218 857 339 928 sulam
361 856 637 946 epicherematis
657 856 869 925 dixerunt...
891 856 984 926 Sunt
1004 856 1113 926 etiam
1137 857 1200 946 qui

176 1003 189 1038 1
218 974 342 1044 decem
368 992 501 1062 genera
528 971 691 1057 fecerint,
715 972 779 1042 sed
805 993 846 1042 eo
873 971 995 1057 modo,
1022 993 1094 1063 quo
1123 974 1201 1042 fieri

175 1089 283 1160 «vel.
307 1089 415 1179 plura
446 1093 623 1178 possunt;
661 1109 724 1178 per
764 1088 1098 1178 interrogationem,
1139 1109 1203 1178 per

173 1205 543 1295 «comparationem,
582 1205 858 1288 infitiationem,
899 1204 1200 1288 similitudinem,

175 1349 188 1386 1
215 1321 509 1406 admirationem,
522 1325 557 1390 et
571 1325 688 1390 cetera
708 1321 823 1410 hujus
844 1320 963 1408 modi;
988 1341 1053 1410 per
1072 1341 1201 1390 omnes

174 1465 188 1502 ι
215 1437 315 1507 enim
341 1437 479 1527 figuras
506 1437 654 1506 tractari
681 1439 870 1527 potest...¹
899 1463 913 1499 1
945 1437 1023 1506 Hoc
1053 1437 1202 1525 quidem

174 1554 440 1623 sententiarum
477 1573 594 1644 genus
630 1556 770 1624 veteres
806 1558 968 1623 oratores
1006 1557 1201 1637 noverant,

173 1669 402 1739 mediocriter
431 1673 554 1739 tamen
585 1674 867 1760 usurpaverant,
895 1689 979 1739 curn
1009 1668 1095 1738 illas
1127 1691 1202 1740 non

173 1783 382 1855 inconsulte
407 1785 446 1853 in
473 1785 712 1875 placendum,
746 1785 810 1855 sed
840 1785 1128 1875 prudentissime
1157 1767 1210 1854 ad'

172 1901 405 1991 probandum
423 1900 532 1971 modo
552 1902 591 1970 in
607 1901 837 1972 orationibus
853 1905 1040 1992 ponerent.
1058 1902 1105 1971 At
1120 1921 1203 1971 cum

173 2018 384 2107 eloquentia
402 2019 441 2088 in
461 2019 627 2088 artificiis
648 2021 911 2110 praeceptisque
930 2023 1006 2088 tota
1026 2039 1065 2087 se
1089 2020 1203 2088 conti-

172 2135 266 2219 nuit,
286 2135 403 2204 multo
432 2135 591 2204 crebrior
610 2155 704 2205 usus
724 2135 795 2204 luit
814 2135 965 2204 illarum
983 2156 1103 2227 pomo,
1122 2135 1202 2223 qui·
1321 2166 1330 2179 ‘

173 2252 244 2320 bus
271 2251 482 2321 scholastici
510 2252 699 2321 suasorias
727 2251 785 2322 vel
805 2253 1073 2323 controversias
1095 2251 1205 2340 quasi

173 2367 379 2437 luminibus
401 2366 507 2437 facile
527 2367 703 2455 adornare
725 2367 892 2437 solebant
916 2388 924 2438 :
946 2369 1016 2439 has
1041 2368 1141 2439 eninr
1165 2369 1204 2436 iu

173 2488 343 2573 promptu
382 2503 524 2573 semper
564 2483 767 2573 habebant,
808 2485 972 2574 mireque
1010 2489 1113 2574 aptas
1159 2484 1204 2553 ad

175 2599 377 2688 quemlihet
402 2599 613 2689 opinionem
640 2598 929 2670 confirmandam
955 2601 1014 2672 vei
1039 2601 1206 2670 refellen-

175 2714 273 2799 dam,
299 2714 345 2784 ad
360 2714 559 2803 quemlibet
576 2716 765 2786 hominem
786 2715 1015 2787 laudandum
1033 2717 1092 2788 vel
1111 2717 1206 2788 vitu-

175 2831 390 2922 perandum.
413 2833 472 2904 Sic
490 2831 739 2923 philosophia,
767 2853 878 2922 quam
898 2833 1048 2904 Tullius
1068 2835 1205 2924 magis-

174 2953 267 3017 tram
286 2947 503 3037 eloquentiae
524 2968 606 3019 esse
626 2955 857 3039 praeceperat,
870 2951 948 3039 jam
962 2971 1036 3020 non
1049 2951 1207 3021 orationi

177 3064 284 3152 quasi
321 3064 484 3134 animam
519 3064 629 3134 dabat
663 3065 959 3155 singularemque
992 3067 1207 3156 gravitatem

176 3179 407 3264 infundebat,
432 3180 496 3250 sed
516 3181 555 3250 in
575 3183 758 3271 pessimos
782 3203 877 3252 usus
897 3183 1151 3268 adhibebatur,
1174 3190 1208 3252 et

177 3296 339 3385 captiosa
358 3301 573 3388 argumenta
592 3298 792 3387 praebebat3
812 3319 855 3368 ex
869 3298 935 3368 illa
950 3300 1108 3388 quisque
1127 3299 1208 3390 plu-

177 3412 291 3482 rimas
306 3413 467 3483 rationes
482 3414 682 3503 promebat,
697 3419 760 3484 aut
774 3414 890 3484 falsas
904 3419 967 3485 aut
980 3415 1125 3500 dubias,
1144 3416 1208 3486 sed

178 3548 259 3616 quae
278 3548 431 3619 semper,
451 3531 520 3599 sub
538 3532 656 3621 specie
670 3531 772 3602 vocis
788 3533 983 3621 generalis,
1000 3532 1208 3622 probabiles

178 3643 296 3731 primo
316 3643 491 3734 adspectu
509 3645 740 3715 videbantur.

225 3760 348 3831 Pauca
377 3762 540 3851 exempla
574 3783 592 3832 e
622 3762 847 3855 Panegyrico
884 3766 1044 3835 alteram.
1084 3765 1209 3853 Traja-

180 3896 318 3946 numne
339 3876 486 3948 Plinius
503 3880 602 3969 eupit
616 3879 779 3965 laudare,
796 3881 894 3970 quod
909 3882 1110 3972 benignum
1126 3901 1210 3971 erga

213 4133 221 4170 ¹
238 4132 329 4186 lnatit.
347 4134 421 4188 Orat.
438 4135 504 4200 VIII,
519 4147 546 4198 v,
562 4135 612 4187 35.
