3086 4970
768 488 944 558 ..62...

335 629 548 700 ,inaffectata
566 629 702 701 veritas
721 629 939 700 verborum!
969 628 1059 710 Quae
1082 629 1304 702 asseveratio
1331 630 1369 700 in

339 749 446 818 voce¹
463 749 506 816 1))
539 746 598 816 vel
629 746 885 835 apostrophas‚
912 763 1068 834 quarum
1097 765 1209 817 unam
1231 750 1368 828 tamen,

341 867 383 933 ut
408 860 687 953 perridiculam,
718 861 956 932 memorabo:
986 888 1000 925 e
1027 863 1104 932 Hoc
1129 862 1251 950 ipsum
1281 865 1370 930 tem-

340 979 458 1070 plum,
478 979 548 1048 has
570 977 675 1047 sedes
696 977 803 1066 quasi
823 995 1067 1067 responsuras
1088 977 1367 1065 interrogemus,

339 1095 545 1166 viderintne
584 1113 748 1182 unquam
785 1092 962 1182 principis
999 1092 1221 1162 lacrimosi!
1258 1119 1272 1154 a
1311 1093 1369 1166 vel

337 1221 527 1292 tuamensem,
553 1209 689 1299 quibus
709 1229 769 1278 res
794 1209 965 1278 absentes
984 1209 1021 1278 vi
1043 1208 1271 1298 imaginandi
1289 1229 1370 1278 evo-

336 1323 458 1408 cabat,
472 1328 587 1414 ,atque
602 1329 685 1394 ante
701 1323 829 1394 oculos
849 1324 1110 1394 adsistentium
1124 1325 1368 1414 proponebat:

343 1464 358 1503 ι
384 1438 519 1510 Videor
534 1441 611 1530 jam
631 1460 817 1510 cernere...
831 1441 1062 1530 triumphum
1069 1461 1078 1527 ;
1099 1440 1226 1510 videor
1244 1441 1370 1528 ingen·

339 1553 391 1624 tia
410 1553 546 1626 ducum
572 1557 738 1626 nomina.
757 1564 764 1625 ζ
781 1609 811 1640 .,
844 1555 968 1628 videor
991 1556 1126 1626 intueri
1154 1559 1287 1626 onusta
1301 1555 1369 1626 ler-

338 1670 423 1740 cula
431 1672 488 1740 ³...
499 1692 509 1758 ;
527 1697 541 1735 »
559 1672 617 1743 vel
632 1672 802 1762 periodos
818 1672 919 1755 illas,
943 1691 1035 1760 quas
1056 1689 1155 1742 more
1180 1672 1368 1742 Ciceronis

337 1805 536 1860 numeroso
570 1788 766 1860 verborum
796 1789 880 1858 orbe
907 1787 1069 1871 finiebat,
1103 1787 1368 1877 rhetoricaeque

259 1947 262 1954 ,
337 1901 471 1991 opibus
486 1902 649 1994 replebat
660 1905 685 1972 ⁸.
705 1905 826 1974 Pauca
842 1904 949 1974 modo
977 1905 1020 1976 de
1042 1904 1223 1994 praecipuo
1253 1905 1368 1993 hujus

340 2018 429 2107 styli
445 2017 535 2089 vitio
556 2017 688 2103 dicam,
705 2019 815 2089 idest
836 2019 878 2089 de
898 2020 1036 2108 poetico
1057 2019 1188 2089 colore.

384 2133 580 2224 Proprium
612 2139 667 2204 est
696 2135 872 2224 temporis
892 2135 930 2203 in
958 2154 1029 2223 quo
1056 2139 1153 2204 artes
1182 2138 1216 2204 et
1237 2134 1367 2204 litterae

336 2249 585 2334 inclinantur,
612 2271 686 2320 non
713 2251 791 2339 jam
822 2250 989 2321 definitis
1017 2250 1185 2320 terminis
1213 2269 1368 2339 quaeque

338 2385 471 2455 genera
486 2365 751 2448 circumscribi,
768 2385 992 2454 prosamque
1003 2366 1041 2434 in
1057 2365 1211 2455 poesim,
1228 2364 1369 2454 poesim

337 2481 375 2552 in
395 2501 544 2571 prosam
569 2481 739 2552 defluere.
766 2482 863 2552 lllud
894 2482 1054 2571 quidem,
1086 2482 1187 2552 salvo
1219 2482 1369 2571 scripto·

336 2615 419 2666 rum
443 2596 609 2686 ingenio,
634 2597 732 2681 dico,
767 2618 885 2686 neque
909 2602 985 2712 tam
1010 2598 1223 2667 hominibus
1255 2617 1368 2686 quam

336 2713 491 2802 tempori
527 2713 665 2783 tribuo.
707 2714 812 2794 Quod
850 2718 885 2782 et
922 2714 1019 2804 apud
1059 2714 1300 2798 Juvenalem,
1334 2720 1369 2784 et

337 2829 433 2918 apud
464 2829 632 2899 Taciturn
665 2830 906 2900 animadverti
937 2833 1080 2919 potest,
1113 2832 1164 2914 et,
1205 2830 1366 2915 hercule,

335 2943 434 3032 apud
462 2942 639 3014 Plinium.
670 2945 795 3016 Multae
828 2946 925 3014 enim
956 2945 1111 3012 suntin
1142 2945 1367 3034 Panegyrico

336 3057 528 3150 imagines,
549 3060 668 3133 multa
696 3061 818 3144 verba,
849 3081 929 3148 quae
957 3065 1112 3149 poetam,
1150 3081 1224 3130 non
1251 3064 1368 3130 orato-

336 3195 412 3248 rem
433 3175 594 3248 deceant.
617 3178 712 3248 Cum
733 3178 775 3248 de
795 3178 937 3252 aedibus
957 3177 1134 3265 loquitur,
1160 3198 1252 3267 quas
1280 3178 1368 3252 Tra·

333 3292 447 3381 janus
475 3293 674 3363 deterserat
701 3299 736 3363 et
758 3298 1038 3377 restauraverat,
1060 3293 1124 3361 illa
1143 3297 1234 3362 tecta
1261 3291 1369 3381 fingit

338 3409 516 3499 spirantia
531 3414 565 3479 et
584 3410 780 3480 sentientia
800 3409 864 3479 illo
884 3410 1018 3480 modo:
1049 3438 1062 3472 α
1091 3410 1194 3480 Muta
1217 3407 1367 3496 quidem

336 3523 400 3594 illa
416 3527 449 3594 et
476 3525 599 3595 anima
624 3526 804 3614 carentia;
829 3527 963 3596 sentiro
979 3530 1100 3594 tamen
1118 3529 1152 3594 et
1170 3524 1286 3594 laetari
1314 3525 1368 3594 vi-

366 3813 375 3848 ¹
391 3813 465 3868 Pon.
478 3813 521 3869 61.

338 3927 340 3934 -
366 3893 438 3948 ²1c.
458 3894 501 3948 73.

336 4001 340 4010 ·
364 3973 436 4026 ³ld.
455 3975 499 4026 17.

364 4055 375 4090 ⁴
392 4056 430 4109 Cf.
446 4069 504 4121 cap.
519 4055 568 4106 tc:
588 4071 599 4102 κ
616 4056 692 4116 Quor
707 4057 731 4106 si
746 4056 810 4118 quis
821 4055 957 4108 barbarus
972 4070 1020 4106 rex
1026 4091 1145 4108 .........
1174 4059 1264 4104 terras
1289 4055 1365 4117 ipsas

335 4137 493 4186 arbitretur.
509 4153 521 4184 n
