3086 4970
359 625 508 708 Tuscis,
534 627 750 693 retractasse
777 643 820 693 :a
846 623 952 704 Quod
972 627 1055 713 post
1075 621 1386 712 intercapedinem

357 741 533 832 temporis
550 743 584 810 61
594 738 769 829 frigidum
790 742 824 807 61
835 739 1091 809 acerbumest¹
1108 766 1137 808 .»
1150 739 1219 808 Sed
1227 738 1388 829 plerum·

357 878 429 946 que
448 855 572 947 gloriae
588 875 710 925 amore
726 855 960 939 incitabatur,
972 855 1221 946 gestiebatque
1240 855 1387 924 ‹hemi-

357 990 448 1042 num
462 972 615 1041 volitare
627 979 691 1062 per
703 991 799 1041 cra.»
811 972 916 1041 Hanc
928 972 986 1041 sui
997 972 1284 1061 posteriorisque
1296 974 1387 1040 tem-

356 1089 456 1178 peris
470 1087 618 1158 laudem
633 1108 776 1178 semper
796 1089 1071 1158 accuratissime
1085 1087 1268 1176 quaesivit.
1286 1088 1306 1158 J
1310 1107 1384 1171 am,

357 1202 567 1273 Domitiano
586 1205 743 1288 vivente,
763 1205 923 1295 primum
943 1224 1050 1294 opuS,
1072 1204 1273 1274 orationem
1287 1202 1386 1272 scili-

303 1321 310 1334 '
356 1323 424 1403 cet,
446 1320 645 1408 ediderat23
677 1342 795 1411 usque
829 1321 874 1390 ad
907 1325 1073 1405 mortem,
1100 1340 1165 1412 per
1189 1318 1385 1390 intervalla

356 1436 488 1506 callide
521 1437 701 1528 disposita
729 1458 818 1508 suas
849 1438 1033 1508 orationes
1062 1437 1207 1527 jamdiu
1235 1435 1384 1506 habitas

355 1553 575 1637 retractavit,
597 1557 631 1622 et
650 1552 775 1636 edidit,
792 1556 833 1622 ut
848 1552 955 1641 quasi
975 1552 1112 1642 duplici
1132 1553 1229 1624 fama
1248 1551 1385 1620 fruere-

356 1671 429 1736 tur.
462 1668 521 1738 Sic
546 1668 683 1737 Titinio
712 1668 895 1758 Capitoni,
927 1668 1035 1757 quasi
1069 1668 1173 1738 illius
1206 1667 1383 1756 temporis

356 1784 560 1867 Maecenati,
582 1784 786 1854 scribebat:
812 1811 825 1847 1
844 1785 911 1874 Egi
927 1805 1080 1874 magnas
1101 1788 1135 1854 et
1153 1803 1282 1874 graves
1299 1804 1384 1853 cau·

356 1919 431 1968 sas.
455 1900 532 1969 Has
553 1899 696 1970 destino
724 1904 930 1984 retractare,
964 1922 1009 1970 ne
1032 1905 1160 1970 tantus
1188 1900 1251 1970 1116
1277 1900 1383 1969 labar

355 2035 474 2100 meus,
492 2016 567 2086 nisi
585 2017 654 2086 hoc
675 2016 772 2105 quod
792 2017 978 2106 reliquum
993 2021 1049 2086 est
1063 2016 1178 2087 studii
1193 2016 1380 2098 addidere,

355 2151 498 2203 mecum
517 2133 651 2223 pariter
670 2132 875 2202 intercidat.
898 2134 993 2204 Nam
1014 2133 1046 2202 si
1061 2133 1242 2202 rationem
1261 2136 1382 2222 poste·

352 2247 472 2317 ritatis
501 2249 656 2333 habeas,
687 2248 868 2338 quidquid
898 2270 973 2318 ncn
1006 2252 1063 2318 est
1086 2253 1287 2339 peractum,
1315 2268 1381 2336 pre

353 2384 427 2433 non
447 2365 618 2435 inchoate
639 2367 730 2435 6313.
763 2392 776 2427 1
801 2365 893 2446 Quis
916 2365 1050 2434 luisset
1080 2364 1194 2434 animi
1214 2383 1327 2453 angor
1347 2367 1382 2433 61

351 2479 540 2563 moestitia,
558 2480 590 2550 si
609 2480 776 2550 futurum
795 2479 1030 2569 providisset,
1047 2481 1289 2568 scivissetque
1301 2478 1381 2548 sola

350 2594 502 2664 nemina
521 2595 742 2679 orationum,
765 2616 858 2684 quas
873 2617 938 2685 pro
957 2597 1043 2666 Atta
1056 2595 1198 2666 Viriola
1216 2595 1274 2666 vel
1295 2615 1381 2665 con-

349 2715 406 2779 tra
424 2711 590 2781 Massam
610 2711 832 2802 Certumque
848 2717 911 2781 aut
931 2713 1100 2784 Priscum
1121 2713 1312 2794 habuerat,
1333 2711 1380 2780 ad

350 2829 498 2896 nostras
517 2847 625 2897 aures
645 2827 821 2899 traditum
841 2829 906 2897 iri!

393 2942 440 3012 At
460 2942 602 3027 saltem,
624 2942 713 3012 dum
730 2945 833 3027 vixit,
861 2944 959 3014 lama
977 2943 1054 3027 illa,
1076 2944 1134 3014 cui
1153 2948 1229 3013 tam
1250 2943 1379 3014 sedulo

348 3060 598 3144 consuluerat,
616 3060 766 3130 omnino
782 3064 839 3129 631
857 3061 1009 3149 potitus.
1029 3059 1070 3128 ln
1091 3060 1258 3149 epistolis
1279 3061 1379 3130 6111111

348 3174 514 3245 Plinium
534 3174 641 3245 nobis
664 3180 824 3264 spectare
845 3175 953 3244 datur
977 3179 1157 3245 oratorem
1176 3176 1378 3266 praeclaris·

349 3290 506 3375 simum,
544 3291 589 3362 ad
619 3311 728 3381 quem
756 3291 982 3362 audiendum
1005 3303 1148 3382 semper
1172 3292 1379 3362 confluebat

347 3405 477 3495 ingens
497 3407 709 3491 multitude,
733 3408 869 3498 quique
890 3408 1104 3477 auctoritate
1139 3429 1207 3478 sua
1229 3408 1378 3498 parcius

346 3521 528 3605 utebatur,
546 3542 664 3612 neque
688 3523 873 3612 quaslibet
895 3543 1029 3593 causas
1058 3524 1295 3614 suscipiebat,
1313 3524 1378 3593 sed

347 3656 441 3726 saepe
465 3638 610 3708 veniam
636 3638 839 3709 advocandi
861 3640 1021 3729 petebat;
1053 3639 1234 3728 denique,
1267 3660 1377 3729 quem

342 3751 498 3841 juvenes
519 3754 768 3846 stipabantur,
796 3759 848 3840 et,
875 3756 973 3845 quod
994 3755 1093 3826 cordi
1115 3755 1376 3826 dulcissimum

375 3957 382 3991 ¹
399 3956 454 4022 Ep.
471 3958 516 4022 IX,
531 3958 573 4012 15.

373 4036 384 4072 ⁹
401 4037 456 4100 Ep.
472 4040 492 4100 1,
508 4040 535 4090 2.

375 4117 455 4182 ῡΕρ.
477 4120 506 4179 V,
523 4121 549 4173 8.
