3086 4970
772 473 950 543 „52-

341 635 464 710 popm,
485 635 578 706 quas
600 615 716 686 Graeoi
732 615 923 700 docebant,
942 635 1007 686 seu
1023 615 1160 700 dubiis,
1178 637 1242 686 seu
1255 616 1365 700 veris,

343 751 408 802 eeu
421 732 530 802 etiarn
542 731 649 802 falsis
666 731 810 802 abunde
821 731 969 801 Plinius
986 731 1024 800 in
1040 731 1262 822 Panegyrico
1272 753 1365 802 usus

341 853 410 932 est,
435 848 486 918 ita
510 852 551 918 ut
569 847 692 938 potius
712 847 758 917 ad
782 847 989 917 ornandum
1012 867 1121 937 quam
1145 847 1189 916 ad
1213 847 1366 937 proban-

340 963 430 1036 dum
467 964 671 1055 saepissime
708 983 769 1034 eas
799 963 1034 1053 expresserit,
1065 983 1181 1052 neque
1216 963 1364 1032 omnino

339 1081 545 1172 periculum
567 1081 744 1171 effugerit,
773 1079 871 1170 quod
898 1078 1151 1161 Quintilianus
1171 1078 1363 1168 discipulis

342 1195 423 1266 suis
439 1195 592 1288 provida
610 1200 730 1266 mente
749 1199 1017 1266 monstraverat
1034 1215 1041 1265 :
1067 1195 1137 1264 «In
1152 1195 1221 1264 hoc
1234 1214 1363 1284 genere

338 1311 623 1384 custodiendum
644 1316 699 1384 est
718 1311 769 1398 id,
791 1311 889 1402 quod
905 1311 1055 1401 ubique,
1074 1331 1118 1380 ne
1138 1311 1269 1381 crebrae
1286 1311 1363 1379 sint

340 1435 482 1524 (papae),
503 1448 548 1500 ne
574 1428 696 1519 palam
717 1427 837 1512 falsae,
864 1428 992 1518 quales
1021 1427 1226 1517 frequenter
1244 1427 1289 1496 ab
1313 1426 1360 1496 iis

336 1545 522 1631 dicuntur,
552 1545 616 1635 qui
642 1544 721 1615 haec
750 1543 927 1614 catholica
945 1547 1089 1627 vocant,
1110 1546 1156 1626 et,
1182 1542 1360 1632 quidquid

335 1681 400 1752 pro
435 1681 547 1732 causa
579 1660 740 1746 videtur,
775 1659 882 1751 quasi
921 1659 1168 1728 indubitatum
1200 1676 1359 1748 pronun-

335 1777 464 1848 tiant¹.
490 1805 503 1841 »
529 1776 718 1847 Addamus
738 1777 847 1847 etiam
869 1797 877 1847 :
902 1804 916 1840 1
939 1797 983 1846 ne
1003 1773 1244 1847 evidentiores
1269 1773 1356 1858 sint,

334 1893 557 1982 omninoque
572 1891 736 1962 inutiles.
757 1918 770 1954 1

377 2009 405 2079 Il
436 2009 564 2099 paucis
594 2008 684 2094 illis,
712 2028 792 2096 quar
822 2008 1030 2092 attulimus,
1059 2006 1233 2096 exemplis
1266 2007 1356 2076 satis

332 2103 486 2216 apparet¹
514 2124 696 2216 quomodo
731 2123 878 2193 Plinius
914 2122 1175 2205 inventionem,
1208 2142 1288 2211 quae
1317 2123 1355 2191 in

329 2241 494 2331 pristinae
511 2239 728 2331 eloquentiae
742 2239 976 2310 institutione
991 2237 1113 2308 locum
1131 2238 1356 2327 praecipuum

328 2355 528 2441 obtinebat,
552 2356 772 2428 tractaverit.
804 2355 934 2426 Totam
959 2360 1022 2424 aut
1048 2374 1149 2444 paene
1176 2356 1290 2423 totam
1316 2354 1355 2423 in

327 2470 526 2556 0010111110,
543 2472 582 2540 in
598 2471 690 2542 locis
713 2471 986 2554 communibus,
1007 2474 1041 2540 et
1056 2471 1094 2538 in
1109 2481 1217 2554 papae
1239 2468 1355 2538 inclu-

327 2587 387 2655 sit.
416 2589 491 2658 Nec
507 2587 584 2676 jam
609 2588 839 2677 quaerebatur
859 2587 956 2656 unde
977 2587 1153 2685 orationis
1182 2585 1352 2655 materies

325 2701 621 2791 amplificaretur,
639 2708 673 2774 et
690 2701 894 2794 probabilia
914 2706 1128 2792 argumenta
1149 2702 1206 2772 vel
1229 2702 1353 2791 exqui-

324 2816 403 2887 sitae
420 2819 657 2910 cogitationes
678 2823 961 2903 arcesserentur,
980 2818 1044 2888 sed
1060 2818 1241 2908 quomodo
1258 2819 1350 2888 tritae

321 2937 534 3025 veteresque
556 2936 746 3006 sententiaa
767 2934 932 3005 inaudito
951 2935 1038 3023 styli
1055 2939 1230 3025 apparatu
1245 2933 1351 3004 illus-

320 3053 516 3122 trarentur.
539 3054 622 3124 Non
646 3057 722 3122 tam
741 3052 850 3123 verba
878 3073 920 3122 ex
947 3052 1082 3135 sensiS,
1109 3072 1219 3140 quam
1240 3073 1351 3121 sonsa

319 3187 361 3236 ex
381 3168 502 3239 verbis
523 3189 686 3260 promere
707 3167 854 3238 Plinius
884 3169 935 3236 ita
961 3168 1137 3252 assuevit,
1164 3172 1203 3237 ut
1223 3169 1349 3238 inven-

318 3281 454 3353 tionem
488 3285 527 3355 in
557 3285 799 3355 elocutionem
828 3283 981 3374 paulum
1013 3282 1212 3354 diverterit.
1241 3283 1347 3365 Quod

319 3395 351 3465 si
370 3397 485 3488 hujus
502 3421 605 3471 novae
626 3400 844 3489 eloquentiae
870 3399 1067 3469 deteriores
1096 3397 1238 3470 fructus
1266 3420 1347 3490 per-

319 3511 455 3600 spicere
486 3514 692 3604 cupiamus‚
732 3516 954 3585 Frontonem
980 3513 1260 3603 interrogemus,
1283 3515 1345 3603 qui

315 3627 425 3714 paulo
441 3634 524 3718 post
549 3631 715 3701 Marcum
735 3628 1002 3699 adolescentem
1022 3629 1060 3697 in
1085 3631 1244 3700 oratoria
1270 3635 1344 3699 arte

315 3743 478 3832 erudiet3
510 3746 550 3814 in
582 3746 647 3816 illo
676 3766 805 3836 nempe
829 3745 1037 3816 videbimus
1068 3745 1247 3836 imagines
1279 3767 1343 3836 pro

314 3859 456 3944 sensis,
496 3862 803 3952 comparationem
845 3880 909 3951 pro
951 3860 1091 3930 ratione
1138 3861 1342 3951 saepissime

342 4127 349 4162 ¹
367 4129 549 4183 1111ιί10101.
569 4130 677 4196 V111‚v‚
693 4131 716 4182 7.
