3086 4970
697 479 875 547 ,88-

276 619 525 692 recordatione
541 641 633 710 opus
655 621 727 690 sibi
743 641 824 690 esse
843 620 882 689 in
907 620 978 704 boc
997 620 1091 689 libro
1112 620 1267 689 fateatur
1279 622 1304 704 ¹,

277 759 342 828 pro
362 741 458 806 certo
477 737 657 806 habemus
677 756 761 806 eum
785 736 837 805 ibi
856 735 942 825 plus
963 736 1102 824 ingenii
1124 756 1234 826 quam
1252 754 1307 804 re-

278 852 501 922 cordationis
521 850 759 941 impendisse,
778 853 841 919 aut
866 851 996 920 saltem
1017 871 1171 921 suorum
1190 851 1308 922 loren-

279 970 376 1037 sium
409 967 680 1056 triumphorum
713 967 928 1036 memoriam
959 985 1147 1036 evocasse.
1179 967 1307 1048 Quoad

278 1084 386 1153 nobis
403 1103 446 1153 ex
465 1083 580 1152 Plinii
595 1082 761 1172 epistolis
776 1083 978 1172 perspicere
994 1082 1115 1166 datur,
1139 1083 1307 1153 Tacitum

279 1199 537 1290 cognoscimus
553 1219 728 1288 magnum
744 1201 923 1269 oratorem
938 1198 1068 1283 fuisse,
1080 1198 1308 1270 laudatorem

277 1315 437 1405 Virginii
448 1315 533 1384 Rufi
552 1317 905 1399 eloquentissimum,
927 1317 1178 1383 accusatorem
1200 1316 1308 1386 Marii

279 1430 398 1501 Prisci
423 1450 582 1520 gravem,
603 1433 724 1519 atque,
745 1433 787 1498 111
809 1450 899 1499 1111
929 1429 1083 1514 solebat,
1099 1449 1199 1522 aspra,
1221 1431 1310 1501 ado·

278 1547 504 1617 lescentibus
536 1545 732 1636 stipatum,
759 1545 823 1634 qui
851 1565 936 1616 eum
963 1549 1143 1636 tanquam
1173 1548 1309 1637 magis-

279 1668 379 1733 trum
412 1665 446 1731 et
476 1660 658 1751 exemplar
688 1662 860 1746 colerent,
895 1661 1053 1751 denique
1087 1684 1171 1734 eum
1200 1681 1309 1755 quem

280 1779 442 1862 Plinius,
458 1797 533 1847 non
553 1777 671 1847 dicam
690 1776 813 1866 longo,
836 1777 900 1847 1111
919 1778 1079 1866 quodam
1104 1783 1227 1850 tamen
1254 1781 1310 1849 in-

279 1894 432 1966 tervallo
448 1897 672 1982 sequeretur.
692 1894 845 1964 Gravior
861 1895 958 1963 enim
974 1896 1138 1982 Tacitus
1153 1901 1187 1966 et
1207 1918 1311 1968 sanc-

280 2011 364 2094 tior,
391 2010 590 2098 minusque
612 2009 751 2106 ingenii
778 2009 838 2077 sui
867 2029 1011 2094 amane,
1032 2011 1224 2102 magisque
1252 2033 1311 2082 ve-

280 2127 421 2198 teribus
455 2125 663 2196 oratoribus
702 2124 859 2209 similis,
887 2127 1057 2214 quamvis
1088 2128 1216 2197 saeculi
1251 2130 1312 2198 sui

281 2243 529 2313 luxuriantem
546 2240 686 2330 stylum
706 2260 780 2309 non
797 2241 947 2311 omnino
963 2248 1234 2333 aspernaretur.
1250 2244 1309 2328 At,

281 2360 370 2429 dum
389 2358 550 2441 Plinius,
575 2357 614 2426 in
636 2355 910 2447 suimetipsius
938 2357 1179 2429 admiratione
1199 2360 1313 2430 inhae-

281 2472 1311 2564 renS,creditRomaesubTrojanoeloquentiamrenasci‚

282 2597 391 2681 atque
422 2591 555 2659 iterum
582 2589 723 2673 llorere,
751 2590 902 2660 Tacitus
932 2590 1145 2676 modestior,
1182 2593 1314 2682 suique

284 2707 352 2778 aevi
379 2706 496 2796 magis
521 2706 707 2789 1111111111,
738 2707 947 2796 introspicit
978 2727 1110 2778 causas
1144 2729 1210 2778 cur
1242 2709 1313 2778 elo-

284 2824 435 2914 quentia
459 2842 618 2912 praeceps
638 2824 707 2906 eat,
736 2826 771 2891 et
799 2823 949 2912 antiquo
975 2824 1114 2894 honore
1140 2823 1315 2895 destitua-

284 2945 356 3010 tur.
373 2940 421 3011 Ut
435 2940 531 3028 Aper
545 2937 662 3007 Taciti
679 2958 813 3007 sensus
829 2944 1070 3029 expresserat,
1086 2941 1140 3011 sic
1154 2941 1316 3011 Messala

286 3074 431 3145 quoque
448 3055 528 3123 sine
548 3053 661 3123 dubio
677 3054 858 3143 exprimit,
881 3074 964 3125 cum
984 3055 1149 3126 rhetores
1170 3057 1317 3126 incusat

286 3191 507 3262 pravamque
531 3169 820 3239 adolescentium
851 3170 1086 3261 disciplinam
1112 3174 1292 3263 vituperat
1305 3194 1314 3260 ;

289 3307 418 3377 nempe
444 3285 627 3356 desiderat
651 3289 809 3356 veterem
833 3287 1139 3358 consuetudinem
1167 3289 1253 3373 lori,
1277 3290 1318 3357 in

289 3402 388 3490 quod
401 3422 475 3471 non
495 3422 513 3471 e
536 3403 842 3473 scholasticorum
858 3403 1027 3488 officinis
1050 3404 1114 3474 sed
1139 3425 1182 3474 ex
1201 3423 1318 3494 gram·

290 3517 1321 3604 maticorumludiS,honestisstudiisreferti,adolesoen-

289 3635 346 3702 tes
357 3631 641 3702 deducebantur.
664 3635 722 3704 Sic
742 3635 931 3704 Maternus
945 3655 1090 3724 quoquc
1106 3635 1222 3706 Taciti
1239 3655 1321 3704 sen-

292 3748 444 3815 tentiam
457 3747 583 3836 aperit,
595 3748 1320 3819 cumostenditRomaenonlocumsimul

295 3883 376 3933 esse
395 3863 611 3951 eloquentiae
630 3869 664 3934 et
683 3865 916 3955 principatui,
933 3870 1041 3956 atque
1060 3867 1139 3936 baec
1156 3867 1323 3956 insignia

330 4125 338 4160 ¹
354 4125 428 4178 neat.
444 4093 566 4176 cecat.
582 4127 610 4182 1.
