3086 4970
615 459 793 528 ..29-

187 603 360 667 seneotus
380 621 414 682 r,
434 598 553 668 fasces
568 618 665 669 anno
686 601 752 670 105
773 619 989 690 occupasse.
1014 601 1069 671 De
1100 601 1213 672 altero

185 713 348 802 quodam
363 714 480 783 Basso
500 714 633 804 agitur.

233 829 369 900 Contra
389 831 571 920 Bithynos
591 851 735 920 quoque
765 831 912 901 Plinius
940 833 1214 903 Rulumh'arc

185 965 279 1014 num
306 947 566 1036 proconsulem
594 946 756 1016 defendit
794 969 890 1018 anno
921 949 986 1018 105
1017 949 1075 1018 vel
1107 949 1212 1032 106¹,

183 1081 297 1150 quern
313 1105 319 1116 -
335 1065 481 1152 nuper²
512 1063 692 1133 adversus
732 1065 892 1134 Bassum
930 1065 1163 1138 advocatum·
1179 1072 1215 1134 st

185 1177 366 1267 potierant
403 1183 439 1247 et
475 1184 699 1269 acceperant.
738 1180 1020 1269 Inquisitionam
1062 1179 1213 1268 Bithyni

184 1293 426 1381 postulabant
433 1315 443 1381 3
464 1299 545 1362 tum
558 1294 726 1364 Varenus
745 1295 886 1384 rogavit
905 1301 946 1364 ut
966 1296 1037 1364 sihi
1064 1316 1210 1385 quoque

185 1408 415 1478 defensionis
433 1430 548 1479 causa
568 1415 682 1480 testes
698 1431 846 1480 evocare
864 1410 1001 1480 liceret
1022 1411 1122 1479 Dixit
1140 1411 1214 1480 Pli-

186 1525 360 1615 nius-pro
379 1527 537 1610 Vareno,
553 1531 778 1615 senatusque
799 1527 945 1596 censuit
965 1533 1000 1596 et
1027 1534 1214 1598 accusato

184 1641 293 1710 ribus
330 1647 366 1710 et
398 1663 461 1711 reo
495 1663 576 1731 quae
608 1647 770 1732 peterent
796 1643 992 1713 tribuenda
1016 1664 1129 1714 esse:
1163 1648 1212 1728 at,

185 1777 273 1826 cum
312 1758 466 1846 Bithyni
513 1759 879 1830 senatusconsultum
917 1760 1212 1844 criminarentur,

184 1874 357 1963 princeps
385 1874 431 1942 ad
460 1879 630 1944 senatum
648 1876 821 1946 remisit:
856 1877 1061 1966 iterumque
1088 1878 1213 1946 eadem

189 1990 374 2058 sententia
413 1989 543 2059 valuit.
578 1991 756 2074 Tandem,
799 2011 897 2075 cum,
935 2002 1020 2081 post
1060 1992 1213 2082 longum

185 2104 438 2189 intervallum,
458 2126 519 2174 res
541 2107 581 2174 in
601 2111 732 2174 senatu
761 2105 1036 2194 dijudicaretur,
1062 2108 1213 2196 Bithyni

179 2223 474 2306 accusationem,
498 2228 540 2292 ut
565 2226 698 2292 temere
726 2223 949 2305 inchoatam,
981 2223 1187 2292 omiserunt
1200 2245 1210 2311 3

185 2339 372 2408 retinuere
389 2345 513 2408 tamen
528 2338 679 2427 quidam
694 2340 853 2427 Magnus
865 2342 901 2408 et
914 2338 1055 2427 aliquot
1071 2344 1214 2408 sonato-

185 2475 249 2522 res
257 2475 267 2540 ;
298 2455 519 2544 Pliniusque
544 2475 584 2525 se
602 2456 640 2524 in
655 2455 719 2524 tali
738 2454 797 2523 die
811 2454 974 2524 tacuisse
1001 2454 1108 2524 valde
1138 2454 1214 2545 glo.-

184 2571 317 2654 riatur,
338 2572 425 2660 quia
439 2592 519 2641 -non
545 2572 623 2661 jam
642 2591 728 2640 reus
754 2570 937 2654 VarenuS,
965 2591 1083 2660 neque
1103 2571 1212 2642 advo

185 2691 269 2756 cato
295 2707 407 2777 egens
443 2687 649 2758 videbatur.
672 2715 710 2750 ·‹
739 2689 824 2758 Non
857 2687 984 2756 minus
1027 2688 1213 2760 interdum

186 2803 388 2872 oratorium
408 2809 465 2872 est
487 2809 618 2888 tacere,
639 2823 750 2892 quam
765 2802 883 2872 dicere
898 2806 959 2870 ³.»
986 2803 1147 2874 Causam
1166 2803 1213 2876 ad

188 2937 231 2987 se
257 2919 441 3007 Trajanus
473 2919 615 3002 accivit,
650 2917 866 2988 defendente
899 2918 1081 3008 Polyeno,
1109 2939 1213 2988 accu-

186 3039 293 3104 sante
312 3035 460 3124 Magno,
480 3039 588 3124 atque
615 3055 658 3104 eo
685 3034 794 3104 modo
825 3035 994 3104 censuit:
1028 3062 1043 3098 a
1074 3036 1213 3106 Neutra

185 3171 273 3241 pars
305 3151 348 3220 de
386 3171 489 3220 mora
523 3155 708 3239 queretur.
744 3151 823 3220 Erit
860 3152 957 3220 enim
994 3150 1088 3218 mihi
1116 3170 1211 3220 curae

185 3267 374 3356 explorare
393 3267 589 3357 provinoiae
604 3266 874 3336 voluntatem.»
901 3267 1030 3335 Finem
1056 3265 1211 3336 actionis

186 3383 335 3452 Plinius
361 3384 468 3453 nohis
498 3404 690 3472 nunquam
709 3381 897 3452 indicarit.
919 3383 1012 3450 Sane
1037 3382 1212 3471 effugerat

185 3501 369 3570 Varenus,

232 3615 338 3684 Circa
348 3614 517 3685 eumdem
534 3635 674 3685 annum
688 3614 768 3700 (105
778 3613 835 3684 vel
847 3613 941 3702 106),
960 3613 992 3684 si
1006 3614 1211 3684 Mommsen

215 3871 225 3906 ¹
242 3867 402 3922 Secundum
415 3871 467 3920 Th.
485 3872 648 3922 Mommsen
663 3871 811 3921 llassonus
821 3873 916 3920 autem
929 3870 1001 3920 hanc
1012 3882 1128 3920 calisam
1138 3883 1212 3920 amru

183 3951 232 4003 loz
242 3952 357 4002 addicit.
770 3981 773 3988 ,
837 3985 841 3994 ·

214 4031 227 4067 ²
243 4049 255 4076 u
273 4032 359 4091 Breve
372 4037 484 4096 tempus
495 4047 513 4083 a
524 4033 598 4084 Julio
611 4031 709 4084 Basso.
720 4049 734 4080 a
746 4031 799 4095 Ep.
814 4032 844 4091 V,
859 4031 898 4082 B).

214 4113 227 4147 2
242 4113 297 4176 sp.
315 4096 370 4176 tir,
383 4112 407 4162 s.
425 4139 456 4150 -
470 4111 569 4164 contar
580 4125 693 4176 eroque
703 4113 734 4175 -v,
749 4111 835 4162 111-
848 4111 891 4174 vr,
901 4113 927 4174 s,
938 4111 978 4174 13,
990 4111 1081 4163 au-
1094 4111 1150 4172 ru,
1165 4110 1207 4162 lo.
