3086 4970
806 442 982 512 ..82-

387 584 485 672 quod
505 584 601 652 nihil
625 586 783 673 peccatl.
808 611 820 646 ι
847 585 989 653 Vitium
1012 584 1125 673 igitur
1146 583 1298 673 putabat
1312 583 1412 652 omni

384 698 473 768 vitio
494 718 628 783 carere,
654 704 716 768 aut
747 700 877 769 saltem
895 699 1068 770 virtutem
1097 697 1297 788 quamdam
1314 718 1414 789 pors-

384 814 532 905 picuam
565 835 639 884 non
677 816 823 886 babere.
858 816 916 886 Sic
949 817 988 884 in
1021 815 1247 906 Panegyrico
1285 834 1413 885 omues

380 949 516 1017 ληκύθους,
547 936 588 1002 ut
617 931 806 1003 Ciceronis
834 932 944 1003 verbo
971 936 1067 1016 utar,
1093 936 1296 1023 sparserat,
1321 931 1412 1000 bene

381 1049 439 1118 vel
455 1048 549 1117 male
572 1047 726 1118 olentes.
744 1050 802 1119 Sic
817 1049 978 1139 poeticos
996 1069 1145 1132 sensus,
1162 1067 1256 1138 quos
1272 1047 1311 1116 in
1332 1047 1412 1116 des-

382 1164 628 1255 criptionibus
659 1165 826 1235 locorum
861 1166 1011 1236 omnino
1041 1169 1283 1254 congruentes
1313 1163 1410 1253 judi-

382 1281 487 1351 cabat
502 1283 538 1365 ²,
561 1280 615 1350 sic
634 1281 771 1371 figuras
792 1301 920 1351 omnes
952 1286 1060 1370 atque
1089 1280 1214 1351 omnia
1241 1288 1326 1356 lasa:
1353 1278 1409 1349 vel

379 1413 490 1482 διανοιας
503 1415 630 1491 σχήματα
649 1396 950 1486 ingeniosissime
969 1396 1195 1486 excogitabat
1214 1395 1307 1464 etin
1328 1414 1408 1464 ora-

381 1518 481 1587 tione
497 1513 726 1604 disponebat.
747 1541 761 1576 1
777 1513 891 1582 Debet
906 1513 1005 1582 enim
1018 1518 1138 1583 orator
1157 1512 1260 1602 erigi,
1277 1510 1406 1594 attolli,

384 1632 611 1702 «interdum
645 1629 753 1699 etiam
785 1630 1029 1714 effervescere,
1070 1629 1204 1714 efferri,
1240 1647 1281 1697 ac
1316 1647 1407 1717 saepe

384 1778 397 1812 ‹
425 1747 592 1818 accedere
622 1746 668 1816 ad
695 1766 869 1836 praeceps.
898 1747 993 1816 Nam
1021 1745 1236 1835 plerumque
1260 1742 1347 1813 altis
1375 1747 1408 1811 et

384 1893 396 1927 1
426 1864 581 1934 excelsis
597 1862 764 1952 adjacent
783 1862 937 1951 abrupta
955 1882 963 1931 :
984 1862 1102 1931 tutius
1122 1880 1185 1951 per
1199 1860 1323 1950 plana,
1346 1857 1406 1928 sed

384 2009 397 2044 a
425 1981 608 2049 humilius
625 1983 659 2049 et
678 1979 890 2068 depressius
904 1979 997 2048 iter:
1020 1977 1244 2066 frequentior
1263 1994 1406 2045 curren·

384 2125 398 2160 a
426 2097 528 2166 tibus
563 2116 674 2185 quam
704 2094 933 2184 reptantibus
965 2094 1112 2184 lapsus;
1144 2093 1208 2163 sed
1238 2093 1300 2162 his
1334 2112 1405 2162 non

384 2211 636 2281 «labentibus
661 2210 778 2294 nulla,
814 2210 890 2279 illis
922 2209 1104 2279 nonnulla
1134 2209 1233 2294 leue,
1263 2208 1405 2294 etiamsi

383 2328 608 2397 «labantur.
642 2355 656 2390 1
693 2327 847 2396 Difficile
877 2327 925 2396 sit
956 2327 1063 2417 pejus
1097 2331 1131 2396 et
1161 2324 1404 2416 periculosius

379 2448 602 2534 praeceptum
621 2443 699 2513 illis
720 2444 840 2528 novis,
865 2464 958 2532 quos
986 2443 1141 2513 formare
1168 2441 1403 2532 gloriabatur,
1505 2463 1507 2545 s

378 2561 586 2630 oratoribus
626 2559 870 2650 suppeditare.
905 2559 1025 2641 Quid?
1064 2560 1280 2649 eloquentiae
1318 2581 1404 2652 prae·
1504 2589 1505 2615 1

377 2677 493 2745 mium
508 2698 583 2745 non
599 2677 638 2744 in
652 2676 815 2760 veritate,
831 2696 949 2765 neque
968 2677 1007 2745 in
1024 2676 1271 2766 simplicitate,
1288 2697 1404 2767 neque

377 2793 416 2861 in
443 2793 649 2862 sinceritate
676 2793 837 2882 ponitur,
868 2793 990 2862 sedin
1015 2793 1187 2864 audacia!
1218 2793 1405 2876 Quidlibet

377 2908 537 2977 audeant
548 2909 724 2998 juvenes;
738 2909 936 2978 dummodo
953 2909 1036 2978 ausi
1050 2909 1200 2993 luerint,
1211 2909 1402 2980 Cicerones

376 3045 417 3094 ac
442 3024 724 3109 Demosthenem
745 3025 857 3094 immo
873 3025 987 3094 Plinii
1006 3030 1138 3095 erunt:
1164 3048 1181 3093 u
1199 3026 1292 3096 Sunt
1308 3027 1402 3096 enim

375 3142 533 3212 maxime
553 3142 751 3226 mirabilia,
769 3161 849 3231 quae
863 3141 1019 3211 maxime
1035 3143 1234 3232 insperata,
1248 3144 1401 3213 maxime

267 3297 271 3306 ·
374 3259 594 3347 periculosa,
609 3263 722 3348 utque
738 3259 854 3329 Graeci
869 3259 987 3348 magis
999 3259 1221 3348 exprimunt,
1232 3277 1398 3354 eupatore.»

374 3373 419 3440 Et
439 3373 485 3442 ad
514 3374 805 3442 confirmandam
824 3373 927 3442 illam
959 3376 1191 3461 sententiam,
1221 3398 1401 3469 compara·

373 3488 513 3557 tionem
529 3490 726 3577 quamdam
746 3489 907 3573 adhibet,
930 3510 1004 3559 non
1020 3490 1168 3578 quidem
1189 3493 1269 3562 sine
1293 3495 1400 3564 auda·

373 3591 443 3687 cia,
475 3609 511 3672 at
539 3604 668 3673 saltem
695 3606 774 3674 sine
804 3604 882 3673 ulla
908 3606 1058 3675 veritate
1083 3626 1091 3677 :
1116 3635 1130 3672 1
1160 3609 1398 3698 Nequaquam

373 3743 390 3788 c
417 3740 482 3808 par
497 3720 753 3810 gubernatoris
770 3727 826 3790 est
843 3721 977 3807 virtus,
1002 3742 1086 3792 cum
1100 3723 1244 3813 placido
1264 3730 1299 3796 et
1320 3746 1397 3796 cum

401 3945 410 3982 ¹
427 3946 453 3996 Ε
476 3983 482 3998 .
595 3985 601 3998 .

399 4027 410 4060 ²
426 3963 472 4077 Ιέ.
494 3945 535 4087 1113(
538 3947 637 4093 ’536VIL
653 4029 678 4080 a.
694 4055 725 4067 --
742 4029 783 4080 Cl.
803 4041 916 4094 quoque
935 4029 1061 4082 Taciturn
1076 4031 1104 4082 in
1119 4029 1233 4097 Diolopo
1244 4033 1278 4083 de
1291 4033 1394 4085 oratori-

367 4105 423 4170 bus,
441 4107 492 4158 20:
509 4124 521 4156 r
538 4109 663 4173 Erigitur
675 4109 733 4173 jam
744 4112 779 4161 ab
791 4114 902 4172 oratore
917 4112 1001 4162 etiam
1015 4113 1143 4176 poeticus
1160 4113 1248 4168 color.
1270 4130 1283 4163 1
