3086 4970
221 1625 269 1673 DE
292 1625 528 1676 PANEGYRIGO
550 1627 651 1684 QUEM
672 1627 819 1675 PLINIUS
840 1625 943 1672 DIXIT
965 1606 1158 1673 undasse*

217 2067 301 2137 Non
318 2070 373 2134 est
393 2064 498 2134 locus
519 2065 630 2134 altius
647 2064 831 2154 repetendi
847 2063 1029 2151 quomodo
1046 2065 1203 2134 Romani
1245 2101 1251 2112 ι

172 2183 211 2252 in
237 2181 337 2251 omni
358 2186 531 2271 tempore,
548 2181 605 2251 vel
630 2201 726 2264 cum,
747 2179 895 2269 regibus
916 2180 1094 2270 expulsis
1116 2180 1201 2250 civi·
1286 2159 1291 2165 ⁴

171 2300 244 2368 lem
261 2319 385 2368 rerum
406 2301 540 2367 statum
556 2297 744 2380 haberent,
756 2295 1033 2365 laudationibus
1045 2300 1080 2366 et
1094 2317 1201 2386 pane·

170 2413 307 2503 gyricis
333 2413 608 2501 (qualicumque
631 2411 779 2482 nomine
810 2411 858 2480 sit
883 2431 942 2480 res
969 2411 1199 2501 appellanda)

170 2530 230 2598 usi
250 2529 400 2613 fuerint,
423 2529 559 2617 quibus
577 2548 651 2597 non
671 2547 902 2597 communem
917 2527 1086 2617 patriam,
1105 2528 1201 2597 sicut

171 2645 303 2729 Graeci,
321 2645 385 2714 sed
404 2645 526 2714 virum
542 2644 761 2715 nominatim
775 2642 1000 2713 extollerent.
1018 2644 1086 2712 1113
1101 2644 1199 2713 enim

168 2781 299 2850 parum
328 2764 416 2830 sunt
448 2759 666 2849 pertinentia
691 2759 736 2828 ad
765 2758 967 2828 orationem
994 2779 1105 2846 quam
1125 2759 1198 2828 Pli-

169 2877 256 2946 nius
276 2897 401 2945 mense
423 2876 617 2966 septembri
643 2875 731 2944 anni
760 2874 825 2943 100
853 2874 892 2942 in
924 2874 1025 2942 curia
1053 2874 1195 2943 habuit.

169 2993 294 3062 Unum
305 2997 427 3061 tamen
438 2992 506 3061 hoc
522 2991 872 3074 animadvertamus
884 3010 1079 3060 romanum
1098 2991 1197 3080 inge-

167 3109 272 3177 nium
299 3108 478 3197 jamtum
504 3108 549 3176 ad
575 3107 804 3176 laudativum
833 3126 950 3194 genus
975 3105 1092 3174 fuisse
1116 3125 1196 3194 pro-

166 3244 270 3308 num,
293 3229 327 3293 et
347 3223 458 3293 simul
478 3224 568 3292 vitia
587 3224 674 3292 hnic
696 3222 819 3312 generi
844 3221 1064 3290 inhaerentia
1083 3221 1194 3310 irrep-

167 3340 276 3422 sisse,
299 3339 436 3409 scilicet
455 3339 705 3409 adulationem
724 3358 766 3406 33
788 3336 1034 3419 mendacium,
1055 3335 1192 3424 quihus

165 3455 291 3524 Cicero
316 3456 532 3545 hujusmodi
558 3455 693 3545 scripta
712 3453 843 3523 referta
863 3473 944 3521 esse
960 3451 1150 3542 profitetur
1163 3453 1189 3520 ².

165 3571 233 3639 Sed
266 3576 346 3640 tum
375 3571 549 3654 defuncti,
580 3592 654 3641 non
673 3571 748 3640 vivi
780 3568 1038 3650 laudabantur,
1073 3588 1190 3656 neque

194 3775 203 3808 ¹
221 3774 260 3824 cf.
278 3775 403 3836 Walsch.
427 3777 586 3826 Dissertatio
607 3777 640 3826 de
658 3775 810 3839 Pcnepyrts
823 3780 950 3823 veterum.
970 3773 1043 3832 Iena,
1066 3772 1135 3822 1711.
1158 3799 1188 3808 -

162 3855 290 3904 Thomas.
305 3854 385 3904 Essai
396 3869 443 3904 sur
465 3857 500 3904 les
519 3857 612 3920 313933.
627 3884 654 3892 -
670 3855 711 3905 Ci.
737 3868 848 3916 quoque
862 3853 1032 3916 exquisitum
1055 3852 1089 3902 de
1101 3852 1187 3901 Pauc-

162 3935 254 3997 pyrico
266 3933 401 3997 libellum,
415 3949 499 3998 quem
515 3939 610 3985 noster
624 3934 833 3996 condiscipulus
845 3933 921 3982 Rene
939 3933 1082 3992 Grousset,
1100 3945 1187 3994 nuper

161 4013 261 4063 litteris
287 4019 452 4076 praereptus,
478 4015 591 4077 reliquit
616 4016 737 4079 (OEuvres
750 4014 904 4076 posthumus
918 4012 1036 4062 deRenc'
1048 4013 1185 4062 Grousset.

161 4092 376 4154 11331131131880,
391 4107 436 4156 pp.
453 4095 579 4154 105-1311.

192 4172 204 4204 ²
219 4172 330 4234 Brutus,
344 4172 383 4232 01,
399 4173 439 4223 61.
