3086 4970
634 472 787 539 ..7-

201 610 258 680 uel
287 610 424 694 Caesar,
454 611 511 681 vel
542 612 694 693 Brutus,
727 611 784 680 vel
814 610 967 694 Coelius,
988 610 1045 680 vel
1065 612 1224 700 1(1111111,

199 726 258 797 vel
277 727 432 817 quilibet
452 749 668 818 magnorum
690 728 825 818 prioris
848 729 915 796 aevi
939 733 1124 796 oratorum
1145 729 1228 797 ads-

199 843 354 912 titerat¹.
376 844 436 927 At,
457 843 535 913 foro
557 843 700 928 silente,
721 843 811 913 illuc
832 864 870 912 se
892 843 1025 912 veteris
1045 842 1225 912 facundiae

198 959 385 1048 reliquiae,
429 979 502 1028 non
542 960 620 1028 sine
659 960 818 1049 quodam
848 959 981 1028 damno
1017 959 1224 1048 dignitatis,

198 1081 419 1166 receperant.

243 1191 312 1260 Sed
334 1211 407 1261 non
427 1192 596 1262 materies
618 1191 725 1261 modo
746 1191 791 1260 ad
810 1190 988 1261 vilitatem
1014 1191 1225 1281 prolabeba-

195 1309 257 1374 tur
277 1326 285 1376 :
311 1305 427 1375 forma
443 1328 587 1397 quoque
603 1307 641 1376 in
662 1307 823 1376 deterius
843 1305 1022 1396 paulatim
1046 1306 1222 1376 mutabat.

198 1421 293 1502 Quot
304 1424 393 1492 vitia
408 1425 563 1494 orationi
577 1423 766 1493 attulerint
780 1421 852 1492 illae
870 1423 1057 1492 rhetorum
1072 1422 1221 1507 scholae,

197 1537 235 1606 in
256 1559 348 1627 quas
377 1540 480 1628 pueri
500 1540 786 1622 deducebantur,
809 1539 908 1618 omni
938 1539 1092 1608 artificio
1111 1539 1223 1608 infor·

196 1654 335 1738 mandi,
357 1655 602 1745 omnibusque
622 1654 841 1724 necessariis
867 1654 1125 1723 instrumentis
1141 1675 1222 1722 mu·

196 1769 338 1856 niendi,
359 1771 443 1860 quis
474 1771 642 1861 ignorat?
671 1773 872 1860 Nunquam
897 1773 951 1838 tot
974 1770 1129 1859 juvenes
1150 1770 1221 1839 elo-

195 1886 352 1973 quentiae
365 1884 512 1956 laudem
523 1887 797 1972 allectaverunt3
812 1905 1002 1975 nunquam
1013 1889 1066 1953 tot
1077 1885 1221 1955 dicendi

195 2000 379 2089 magistri,
408 2006 461 2070 tot
486 2002 678 2093 discipuli,
713 2006 766 2071 tot
794 2005 990 2091 praccepta;
1029 2021 1219 2090 nunquam

194 2135 277 2186 vero
302 2117 382 2204 (cur
403 2137 477 2186 non
502 2117 656 2205 dicamt)
680 2122 733 2186 tot
752 2137 858 2186 voces
886 2116 1067 2204 verbaque
1094 2116 1220 2185 inania

193 2234 233 2301 in
261 2233 440 2304 suasoriis
471 2239 534 2303 aut
563 2233 837 2315 controversiis,
862 2233 984 2300 autin
1022 2232 1219 2321 cujuslibet

193 2350 336 2437 generis
361 2349 689 2419 declamationibus
722 2349 870 2417 fluxere.
906 2347 1087 2436 Denique,
1124 2369 1218 2416 uun-

193 2485 303 2553 quam
340 2468 415 2534 tam
451 2465 559 2536 multi
598 2469 779 2550 oratores,
818 2460 992 2552 loquendi
1030 2465 1216 2553 prurigine

192 2580 387 2670 flagrantes
395 2603 404 2668 ;
429 2601 620 2670 nunquam
639 2601 723 2651 vero
745 2579 857 2650 simul
872 2585 947 2648 tam
971 2580 1103 2649 vitiosa
1125 2583 1216 2649 tam-

191 2714 262 2783 que
299 2696 596 2785 reprebendenda
633 2695 777 2764 dicendi
816 2695 921 2764 ratio.
955 2689 1094 2783 'ltaque
1137 2695 1215 2764 baec

193 2805 405 2901 singularis
423 2813 588 2895 luxuria,
620 2832 703 2881 cum
734 2813 772 2880 in
807 2811 1017 2881 scholaticis
1047 2813 1215 2880 exercita-

190 2925 374 3012 tionibuS,
413 2933 476 2998 aot
507 2929 545 2996 in
579 2927 905 2997 centumviralibus
944 2926 1095 3017 judiciis
1139 2949 1214 2997 non

191 3043 448 3126 contineretur,
474 3045 512 3112 in
533 3042 700 3133 publicas
729 3044 960 3112 recitationes
981 3042 1133 3124 effluxit,
1150 3042 1212 3110 ubi

190 3158 427 3243 auditorium,
458 3163 491 3229 et
511 3159 709 3242 auditores,
738 3164 771 3228 et
792 3160 878 3228 certi
898 3159 1053 3248 plausus
1080 3164 1212 3247 praesto

189 3279 303 3342 erant.
327 3276 409 3345 Non
431 3276 507 3364 jam
533 3275 691 3344 lorensis
716 3297 789 3358 aer,
814 3279 849 3343 et
876 3279 996 3363 aperta
1029 3272 1211 3343 libertatis

187 3389 308 3478 spatia
336 3390 581 3479 eloquentiam
610 3389 768 3474 alebant,
800 3391 863 3459 sed
897 3391 994 3458 intra
1027 3389 1210 3458 conclavis

187 3525 328 3588 muros,
352 3510 435 3574 ante
465 3505 643 3575 subsellia
662 3506 863 3574 amicorum
888 3505 1008 3594 plena,
1038 3505 1210 3573 recitabat

187 3620 249 3690 ille
278 3621 537 3692 Demosthenis
564 3622 736 3706 aemulus,
769 3641 968 3710 omnesque
992 3620 1148 3711 plausus
1178 3627 1211 3688 et

187 3735 365 3806 clamores
387 3738 599 3807 summatim
620 3738 658 3806 in
678 3738 742 3805 illa
773 3737 830 3806 die
860 3736 1092 3826 percipiebat,
1118 3756 1210 3824 quos

187 3852 320 3921 iisdem
334 3855 463 3922 amicis
482 3855 721 3923 recitantibus
742 3853 887 3923 auditor
916 3873 1031 3941 nuper
1051 3851 1210 3940 singulis

217 4123 225 4156 ¹
242 4122 313 4171 Diul.
329 4123 361 4171 de
376 4123 451 4172 Orat.
466 4120 510 4172 38.
