3086 4970
793 513 846 530 --
869 482 914 551 se
931 513 980 530 --

270 612 274 620 '
372 625 496 704 staret,
518 621 682 710 plerique
712 622 778 690 vin¹
803 621 943 704 audire,
976 620 1073 702 nihil
1087 619 1215 690 ¹videre
1235 641 1405 709 cogeren-

369 723 452 823 tur-;
486 725 551 805 vel
579 737 652 826 ipsi
683 737 842 806 adeundi
872 737 1015 819 locum,
1048 736 1124 804 nisi
1151 757 1171 804 a
1203 735 1401 824 tribunali,

290 867 293 874 ·
371 851 445 920 nisi
465 871 528 942 per
549 852 650 941 ipsos
668 852 826 941 pudicae,
847 873 921 921 non
937 852 1068 936 fuisse,
1084 856 1188 920 tanta
1201 851 1402 941 stipatione

369 972 491 1036 cetera⁴
522 969 761 1062 tenebantur!
795 969 852 1038 vel
888 967 1083 1057 quemdam
1115 968 1402 1038 ornatissimum

374 1077 657 1168 adolescentem,
700 1084 830 1153 scissis
862 1084 1012 1168 tunicis,
1049 1088 1091 1153 ut
1121 1085 1160 1154 in
1196 1085 1403 1173 frequentia

368 1198 461 1270 solet
491 1200 582 1282 fieri,
601 1199 680 1268 sola
699 1199 860 1269 velatum
875 1203 959 1288 toga
977 1199 1182 1289 perstitisse
1196 1203 1231 1268 et
1249 1199 1399 1286 quidem

370 1315 474 1384 horis
492 1318 648 1403 septem!
667 1317 678 1359 ¹
695 1316 753 1385 vel
768 1315 975 1404 frequenter
996 1315 1162 1384 evenisse
1182 1318 1223 1382 ut
1236 1319 1399 1384 centum-

369 1430 439 1498 viri
460 1449 587 1498 ornnes
616 1430 892 1518 repentequasi
912 1429 999 1499 victi
1031 1430 1226 1517 coactique
1246 1449 1399 1500 censure

366 1545 538 1626 rexerint,
574 1543 875 1632 laudaverintque
914 1547 1123 1614 orantem2!
1159 1545 1246 1614 Haec
1273 1545 1398 1616 omnia

367 1660 502 1731 litteris
537 1661 815 1733 renascentibus
851 1661 1042 1744 referebat,
1082 1666 1119 1730 at
1152 1681 1286 1731 reuera¹
1316 1662 1396 1752 ipse

368 1796 480 1866 supra
511 1776 662 1844 modurn
690 1777 934 1866 gloriabatur,
970 1797 1187 1864 summaque
1218 1797 1284 1866 ope
1320 1777 1395 1846 eni-

369 1885 527 1977 tebatur,
549 1896 589 1961 ut
606 1913 712 1961 suam
731 1893 866 1962 famam
887 1887 1000 1962 aleret
1019 1897 1126 1981 atque
1142 1893 1393 1982 amplificaret.

368 2039 370 2046 >
411 2010 493 2080 Non
514 2010 612 2078 enim
632 2009 695 2077 illa
720 2009 836 2098 gloria
860 2013 1072 2092 contentus,
1086 2029 1167 2097 quae
1190 2008 1325 2078 dicenti
1354 2010 1394 2080 in

366 2124 449 2214 ipso
479 2124 634 2194 actionis
668 2129 828 2213 tempore
862 2125 1054 2214 contingit,
1096 2123 1323 2193 stabiliorem
1360 2129 1395 2196 et

366 2235 675 2330 quasiduplicem
696 2260 737 2309 ac
760 2240 940 2330 triplicem
960 2244 1108 2329 gustare
1127 2238 1257 2309 voluit.
1291 2239 1394 2312 Scilir

365 2361 424 2426 cet
441 2377 586 2446 ea,quee
605 2357 724 2426 semel.
740 2357 779 2426 in
804 2357 917 2440 curia,
933 2355 993 2425 vel
1019 2356 1116 2445 apud
1138 2355 1392 2435 centumviros

363 2472 421 2542 vel
431 2474 533 2562 :apud
546 2473 690 2562 judices
706 2473 815 2542 verba
827 2473 971 2555 fecerat,
982 2472 1116 2540 iterum
1128 2491 1249 2542 coram
1262 2470 1392 2543 amicis

363 2587 549 2656 recitabat.
568 2588 666 2670 Fuit,
682 2587 714 2655 si
734 2607 809 2656 non
824 2588 980 2677 primus,
1000 2586 1130 2656 saltem
1161 2606 1261 2657 uncis
1295 2585 1393 2656 inter

364 2723 426 2771 eos
448 2703 511 2790 qui
531 2704 692 2792 primurn
707 2705 838 2772 ,Romae
860 2703 1044 2772 orationes
1067 2701 1215 2774 suasin
1230 2700 1391 2792 publicis

362 2817 639 2887 recitationibus
655 2817 906 2907 prodiderunt.
943 2820 1068 2906 Neque
1089 2837 1131 2886 ea
1146 2817 1389 2900 consuetude,

363 2954 474 3022 quam
490 2935 606 3004 Gr‘aeci
627 2936 781 3004 Romam
801 2934 1012 3017 attulerant,
1028 2932 1106 3001 sine
1123 2931 1390 3001 nonnullorum

319 3138 322 3144 Ι
361 3051 652 3146 reprehensione
679 3050 886 3134 increbuit,
921 3049 994 3137 qui
1017 3047 1287 3138 periculosum,
1329 3047 1389 3117 vel

362 3160 522 3236 otiosum
542 3172 576 3236 et
598 3166 727 3234 inutile
749 3165 964 3255 judicabant
982 3165 1116 3244 iterum
1137 3163 1266 3246 dicere,
1289 3163 1388 3250 quod

363 3281 630 3353 semeldictum
645 3281 790 3353 fuisset.
812 3279 959 3360 Plinius
975 3283 1101 3350 eontra
1117 3299 1155 3351 se
1176 3267 1387 3350 novimoris

361 3397 591 3474 defensorem
621 3397 793 3468 acerrime
825 3396 1076 3482 constituerat,
1109 3395 1197 3484 quia
1226 3395 1388 3464 multum

359 3509 402 3594 id,
418 3511 577 3602 preferre
607 3511 652 3590 ad
687 3511 957 3592 emendandum
983 3510 1122 3600 stylum
1139 3511 1313 3600 putabat.
1344 3513 1388 3580 ln

360 3627 515 3717 epistola
548 3648 658 3716 quarn
679 3627 804 3718 ¹Celeri
839 3648 906 3696 suo
943 3629 1066 3710 mittit,
1095 3626 1202 3717 plane
1230 3627 1388 3716 explicat

359 3744 541 3834 quomodo
561 3744 630 3813 his'
639 3729 916 3813 recitationibus
930 3748 1064 3812 utatur.
1085 3767 1102 3810 c
1119 3743 1286 3812 Primum
1302 3763 1385 3832 quae

389 4066 398 4101 1
414 4066 469 4128 rp.
485 4066 527 4126 iv,
541 4063 581 4116 ie.

388 4145 468 4208 erp.
489 4145 532 4205 ni,
548 4145 587 4195 aa
